<?xml version="1.0" encoding="UTF-8"?>
<!DOCTYPE html PUBLIC "-//W3C//DTD XHTML 1.0 Transitional//EN"
    "http://www.w3.org/TR/xhtml1/DTD/xhtml1-transitional.dtd">
<html xmlns="http://www.w3.org/1999/xhtml" xml:lang="en" lang="en">
 <head>
  <title>
</title>
<meta http-equiv="Content-Type" content="text/html;charset=utf-8" />
  <meta name='ocr-system' content='tesseract 3.04.00' />
  <meta name='ocr-capabilities' content='ocr_page ocr_carea ocr_par ocr_line ocrx_word'/>
</head>
<body>
  <div class='ocr_page' id='page_1' title='image "./comicorumgraeco00bailgoog_0136.png"; bbox 0 0 2990 5010; ppageno 0'>
   <div class='ocr_carea' id='block_1_1' title="bbox 582 341 1263 405">
    <p class='ocr_par' dir='ltr' id='par_1_1' title="bbox 582 341 1263 405">
     <span class='ocr_line' id='line_1_1' title="bbox 582 341 1263 405; baseline 0.01 -7"><span class='ocrx_word' id='word_1_1' title='bbox 582 349 821 399; x_wconf 70' lang='lat' dir='ltr'>urrunnun.</span> <span class='ocrx_word' id='word_1_2' title='bbox 1200 341 1263 405; x_wconf 75' lang='grc'>131</span> 
     </span>
    </p>
   </div>
   <div class='ocr_carea' id='block_1_2' title="bbox 116 525 1268 1292">
    <p class='ocr_par' dir='ltr' id='par_1_2' title="bbox 119 525 1268 1182">
     <span class='ocr_line' id='line_1_2' title="bbox 127 525 1264 612; baseline 0.01 -32"><span class='ocrx_word' id='word_1_3' title='bbox 127 536 214 584; x_wconf 82' lang='lat' dir='ltr'>recte</span> <span class='ocrx_word' id='word_1_4' title='bbox 233 525 409 588; x_wconf 90' lang='lat' dir='ltr'>Dindorfius</span> <span class='ocrx_word' id='word_1_5' title='bbox 423 528 457 588; x_wconf 76' lang='lat' dir='ltr'>cin</span> <span class='ocrx_word' id='word_1_6' title='bbox 472 533 545 612; x_wconf 74' lang='grc' dir='ltr'>καλῇ</span> <span class='ocrx_word' id='word_1_7' title='bbox 558 557 608 602; x_wconf 73' lang='grc' dir='ltr'>τις,</span> <span class='ocrx_word' id='word_1_8' title='bbox 624 543 764 610; x_wconf 89' lang='lat' dir='ltr'>poscente</span> <span class='ocrx_word' id='word_1_9' title='bbox 778 531 914 590; x_wconf 86' lang='lat' dir='ltr'>Elmsleii</span> <span class='ocrx_word' id='word_1_10' title='bbox 927 532 1031 610; x_wconf 83' lang='lat' dir='ltr'>regula</span> <span class='ocrx_word' id='word_1_11' title='bbox 1045 531 1223 610; x_wconf 62' lang='lat' dir='ltr'>supra&#39;in‘n.</span> <span class='ocrx_word' id='word_1_12' title='bbox 1238 541 1264 593; x_wconf 89' lang='lat'>5.</span> 
     </span>
     <span class='ocr_line' id='line_1_3' title="bbox 119 619 1267 703; baseline 0.011 -27"><span class='ocrx_word' id='word_1_13' title='bbox 119 619 169 677; x_wconf 72' lang='lat' dir='ltr'>ad</span> <span class='ocrx_word' id='word_1_14' title='bbox 184 620 366 682; x_wconf 87' lang='lat' dir='ltr'>Phoenioidae</span> <span class='ocrx_word' id='word_1_15' title='bbox 382 624 595 703; x_wconf 80' lang='lat' dir='ltr'><strong>Fragmentum</strong></span> <span class='ocrx_word' id='word_1_16' title='bbox 610 638 845 686; x_wconf 77' lang='lat' dir='ltr'>commemoratm</span> <span class='ocrx_word' id='word_1_17' title='bbox 874 627 997 697; x_wconf 85' lang='lat' dir='ltr'>Eadem,</span> <span class='ocrx_word' id='word_1_18' title='bbox 1007 628 1183 686; x_wconf 82' lang='lat' dir='ltr'>eandemob</span> <span class='ocrx_word' id='word_1_19' title='bbox 1198 643 1267 688; x_wconf 73' lang='lat' dir='ltr'>ceu-</span> 
     </span>
     <span class='ocr_line' id='line_1_4' title="bbox 120 718 1268 804; baseline 0.009 -32"><span class='ocrx_word' id='word_1_20' title='bbox 120 735 204 785; x_wconf 83' lang='lat' dir='ltr'>·sam,</span> <span class='ocrx_word' id='word_1_21' title='bbox 227 718 373 777; x_wconf 86' lang='lat' dir='ltr'>medicina</span> <span class='ocrx_word' id='word_1_22' title='bbox 394 732 462 796; x_wconf 88' lang='lat' dir='ltr'>eget</span> <span class='ocrx_word' id='word_1_23' title='bbox 480 722 656 800; x_wconf 89' lang='lat' dir='ltr'><strong>Apollodori</strong></span> <span class='ocrx_word' id='word_1_24' title='bbox 679 723 762 780; x_wconf 87' lang='lat' dir='ltr'>locus</span> <span class='ocrx_word' id='word_1_25' title='bbox 782 721 863 800; x_wconf 85' lang='lat' dir='ltr'>apud</span> <span class='ocrx_word' id='word_1_26' title='bbox 882 722 964 781; x_wconf 88' lang='lat' dir='ltr'>Stob.</span> <span class='ocrx_word' id='word_1_27' title='bbox 979 722 1015 781; x_wconf 88' lang='grc' dir='ltr'>Τ.</span> <span class='ocrx_word' id='word_1_28' title='bbox 1029 731 1075 793; x_wconf 73' lang='grc'>29.</span> <span class='ocrx_word' id='word_1_29' title='bbox 1089 731 1135 782; x_wconf 78' lang='grc'>43.</span> <span class='ocrx_word' id='word_1_30' title='bbox 1162 722 1268 804; x_wconf 87' lang='grc' dir='ltr'>χρόνον</span> 
     </span>
     <span class='ocr_line' id='line_1_5' title="bbox 119 811 1266 898; baseline 0.009 -29"><span class='ocrx_word' id='word_1_31' title='bbox 119 811 237 892; x_wconf 71' lang='grc' dir='ltr'>’γᾶρεῖι</span> <span class='ocrx_word' id='word_1_32' title='bbox 252 813 293 870; x_wconf 71' lang='lat' dir='ltr'>‘roi</span> <span class='ocrx_word' id='word_1_33' title='bbox 305 814 452 895; x_wconf 68' lang='grc' dir='ltr'>πράγματ’</span> <span class='ocrx_word' id='word_1_34' title='bbox 466 816 514 876; x_wconf 76' lang='lat' dir='ltr'>e&#39;dr</span> <span class='ocrx_word' id='word_1_35' title='bbox 529 817 631 898; x_wconf 70' lang='grc' dir='ltr'><strong>λάβῃς.</strong></span> <span class='ocrx_word' id='word_1_36' title='bbox 660 816 717 886; x_wconf 65' lang='lat' dir='ltr'>irin,</span> <span class='ocrx_word' id='word_1_37' title='bbox 733 838 788 896; x_wconf 87' lang='lat' dir='ltr'>pro</span> <span class='ocrx_word' id='word_1_38' title='bbox 807 817 850 886; x_wconf 80' lang='lat' dir='ltr'>civ,</span> <span class='ocrx_word' id='word_1_39' title='bbox 868 818 899 874; x_wconf 83' lang='lat' dir='ltr'>in</span> <span class='ocrx_word' id='word_1_40' title='bbox 916 818 1073 876; x_wconf 81' lang='lat' dir='ltr'>Menandri</span> <span class='ocrx_word' id='word_1_41' title='bbox 1088 818 1208 897; x_wconf 77' lang='lat' dir='ltr'>Fragm.</span> <span class='ocrx_word' id='word_1_42' title='bbox 1225 820 1266 879; x_wconf 87' lang='lat' dir='ltr'>ll.</span> 
     </span>
     <span class='ocr_line' id='line_1_6' title="bbox 132 908 1267 992; baseline 0.009 -28"><span class='ocrx_word' id='word_1_43' title='bbox 132 914 180 966; x_wconf 93' lang='lat'>10.</span> <span class='ocrx_word' id='word_1_44' title='bbox 208 908 327 968; x_wconf 82' lang='lat' dir='ltr'><strong>exhibet</strong></span> <span class='ocrx_word' id='word_1_45' title='bbox 344 911 410 969; x_wconf 87' lang='lat' dir='ltr'>MS.</span> <span class='ocrx_word' id='word_1_46' title='bbox 426 914 463 970; x_wconf 88' lang='lat' dir='ltr'>A.</span> <span class='ocrx_word' id='word_1_47' title='bbox 478 913 560 990; x_wconf 84' lang='lat' dir='ltr'>apud</span> <span class='ocrx_word' id='word_1_48' title='bbox 573 913 786 981; x_wconf 86' lang='lat' dir='ltr'>Gaisfordium,</span> <span class='ocrx_word' id='word_1_49' title='bbox 809 923 904 970; x_wconf 84' lang='lat' dir='ltr'>metro</span> <span class='ocrx_word' id='word_1_50' title='bbox 927 912 974 972; x_wconf 91' lang='lat' dir='ltr'>vel</span> <span class='ocrx_word' id='word_1_51' title='bbox 996 914 1081 972; x_wconf 87' lang='lat' dir='ltr'>aliter</span> <span class='ocrx_word' id='word_1_52' title='bbox 1099 928 1267 992; x_wconf 81' lang='lat' dir='ltr'>respuente,</span> 
     </span>
     <span class='ocr_line' id='line_1_7' title="bbox 128 1005 1268 1090; baseline 0.01 -32"><span class='ocrx_word' id='word_1_53' title='bbox 128 1021 240 1081; x_wconf 87' lang='lat' dir='ltr'>nempe</span> <span class='ocrx_word' id='word_1_54' title='bbox 249 1005 337 1082; x_wconf 49' lang='lat' dir='ltr'>¹quod</span> <span class='ocrx_word' id='word_1_55' title='bbox 353 1006 527 1086; x_wconf 83' lang='lat' dir='ltr'><strong>tribrachyn</strong></span> <span class='ocrx_word' id='word_1_56' title='bbox 545 1009 656 1086; x_wconf 86' lang='lat' dir='ltr'>excipit</span> <span class='ocrx_word' id='word_1_57' title='bbox 675 1019 850 1086; x_wconf 80' lang='lat' dir='ltr'>anapaestus.</span> <span class='ocrx_word' id='word_1_58' title='bbox 891 1011 1031 1067; x_wconf 84' lang='lat' dir='ltr'>Ceterum</span> <span class='ocrx_word' id='word_1_59' title='bbox 1043 1027 1114 1068; x_wconf 88' lang='lat' dir='ltr'>mox</span> <span class='ocrx_word' id='word_1_60' title='bbox 1128 1011 1268 1090; x_wconf 68' lang='grc' dir='ltr'>χρηστός,</span> 
     </span>
     <span class='ocr_line' id='line_1_8' title="bbox 121 1097 757 1182; baseline 0.014 -29"><span class='ocrx_word' id='word_1_61' title='bbox 121 1097 238 1170; x_wconf 59' lang='lat' dir='ltr'>minervis</span> <span class='ocrx_word' id='word_1_62' title='bbox 258 1099 380 1182; x_wconf 79' lang='grc' dir='ltr'>σφόδρα,</span> <span class='ocrx_word' id='word_1_63' title='bbox 402 1101 407 1182; x_wconf 96' lang='grc' dir='ltr'>Ι</span> <span class='ocrx_word' id='word_1_64' title='bbox 428 1111 557 1176; x_wconf 75' lang='grc' dir='ltr'>γενναῖος,</span> <span class='ocrx_word' id='word_1_65' title='bbox 579 1105 757 1163; x_wconf 85' lang='lat' dir='ltr'>Meinekius.</span> 
     </span>
    </p>

    <p class='ocr_par' dir='ltr' id='par_1_3' title="bbox 116 1211 975 1292">
     <span class='ocr_line' id='line_1_9' title="bbox 116 1211 975 1292; baseline 0.002 -23"><span class='ocrx_word' id='word_1_66' title='bbox 116 1272 118 1276; x_wconf 70' lang='grc'><strong>,</strong></span> <span class='ocrx_word' id='word_1_67' title='bbox 190 1211 311 1288; x_wconf 67' lang='lat' dir='ltr'>“Angl</span> <span class='ocrx_word' id='word_1_68' title='bbox 339 1214 386 1271; x_wconf 81' lang='lat' dir='ltr'>&#39;tir</span> <span class='ocrx_word' id='word_1_69' title='bbox 405 1213 442 1291; x_wconf 71' lang='lat' dir='ltr'>eff</span> <span class='ocrx_word' id='word_1_70' title='bbox 455 1236 491 1273; x_wconf 88' lang='lat' dir='ltr'>no</span> <span class='ocrx_word' id='word_1_71' title='bbox 511 1236 570 1285; x_wconf 80' lang='lat' dir='ltr'>use,</span> <span class='ocrx_word' id='word_1_72' title='bbox 591 1236 626 1272; x_wconf 82' lang='lat' dir='ltr'>or</span> <span class='ocrx_word' id='word_1_73' title='bbox 646 1215 692 1273; x_wconf 86' lang='lat' dir='ltr'>the</span> <span class='ocrx_word' id='word_1_74' title='bbox 712 1215 801 1274; x_wconf 80' lang='lat' dir='ltr'>world</span> <span class='ocrx_word' id='word_1_75' title='bbox 817 1235 887 1292; x_wconf 82' lang='lat' dir='ltr'>goes·</span> <span class='ocrx_word' id='word_1_76' title='bbox 906 1235 975 1273; x_wconf 79' lang='lat' dir='ltr'>nora.</span> 
     </span>
    </p>
   </div>
   <div class='ocr_carea' id='block_1_3' title="bbox 79 1317 1270 2842">
    <p class='ocr_par' dir='ltr' id='par_1_4' title="bbox 130 1317 1267 1496">
     <span class='ocr_line' id='line_1_10' title="bbox 190 1317 1267 1398; baseline 0.006 -23"><span class='ocrx_word' id='word_1_77' title='bbox 190 1317 201 1346; x_wconf 78' lang='lat'>⁶</span> <span class='ocrx_word' id='word_1_78' title='bbox 221 1317 300 1376; x_wconf 82' lang='lat' dir='ltr'>Citat</span> <span class='ocrx_word' id='word_1_79' title='bbox 314 1319 493 1389; x_wconf 90' lang='lat' dir='ltr'>Meinekius,</span> <span class='ocrx_word' id='word_1_80' title='bbox 508 1331 660 1398; x_wconf 86' lang='lat' dir='ltr'>praeeunte</span> <span class='ocrx_word' id='word_1_81' title='bbox 676 1321 799 1389; x_wconf 86' lang='lat' dir='ltr'>Clerioo,</span> <span class='ocrx_word' id='word_1_82' title='bbox 813 1320 924 1379; x_wconf 89' lang='lat' dir='ltr'>Athen.</span> <span class='ocrx_word' id='word_1_83' title='bbox 938 1321 992 1378; x_wconf 90' lang='lat' dir='ltr'>Vl.</span> <span class='ocrx_word' id='word_1_84' title='bbox 1007 1341 1036 1398; x_wconf 93' lang='lat' dir='ltr'>p.</span> <span class='ocrx_word' id='word_1_85' title='bbox 1050 1329 1117 1380; x_wconf 74' lang='lat'><strong>248.</strong></span> <span class='ocrx_word' id='word_1_86' title='bbox 1132 1321 1166 1379; x_wconf 86' lang='grc' dir='ltr'>Ο.</span> <span class='ocrx_word' id='word_1_87' title='bbox 1181 1323 1267 1382; x_wconf 90' lang='lat' dir='ltr'>item-</span> 
     </span>
     <span class='ocr_line' id='line_1_11' title="bbox 130 1414 1187 1496; baseline 0.005 -25"><span class='ocrx_word' id='word_1_88' title='bbox 130 1433 191 1489; x_wconf 90' lang='lat' dir='ltr'>que</span> <span class='ocrx_word' id='word_1_89' title='bbox 206 1414 303 1472; x_wconf 84' lang='lat' dir='ltr'>Schol.</span> <span class='ocrx_word' id='word_1_90' title='bbox 316 1415 354 1473; x_wconf 89' lang='lat' dir='ltr'>ad</span> <span class='ocrx_word' id='word_1_91' title='bbox 372 1417 479 1494; x_wconf 85' lang='lat' dir='ltr'>Eurip.</span> <span class='ocrx_word' id='word_1_92' title='bbox 495 1417 590 1494; x_wconf 93' lang='lat' dir='ltr'>Hipp.</span> <span class='ocrx_word' id='word_1_93' title='bbox 607 1415 672 1477; x_wconf 74' lang='lat'><strong>426.</strong></span> <span class='ocrx_word' id='word_1_94' title='bbox 694 1435 822 1494; x_wconf 89' lang='lat' dir='ltr'>quorum</span> <span class='ocrx_word' id='word_1_95' title='bbox 836 1427 962 1493; x_wconf 90' lang='lat' dir='ltr'>uterque</span> <span class='ocrx_word' id='word_1_96' title='bbox 976 1416 1035 1475; x_wconf 86' lang='lat' dir='ltr'>hue</span> <span class='ocrx_word' id='word_1_97' title='bbox 1048 1419 1187 1496; x_wconf 86' lang='lat' dir='ltr'>respexit.</span> 
     </span>
    </p>

    <p class='ocr_par' dir='ltr' id='par_1_5' title="bbox 79 1517 1270 2842">
     <span class='ocr_line' id='line_1_12' title="bbox 181 1517 1266 1602; baseline 0.006 -28"><span class='ocrx_word' id='word_1_98' title='bbox 181 1519 200 1550; x_wconf 82' lang='lat'>&#39;⁷</span> <span class='ocrx_word' id='word_1_99' title='bbox 222 1517 351 1576; x_wconf 87' lang='lat' dir='ltr'>Pessime</span> <span class='ocrx_word' id='word_1_100' title='bbox 366 1519 498 1588; x_wconf 89' lang='lat' dir='ltr'>Grotius,</span> <span class='ocrx_word' id='word_1_101' title='bbox 506 1519 613 1598; x_wconf 80' lang='lat' dir='ltr'>&#39;judice</span> <span class='ocrx_word' id='word_1_102' title='bbox 627 1519 778 1578; x_wconf 89' lang='lat' dir='ltr'>Bentleio:</span> <span class='ocrx_word' id='word_1_103' title='bbox 806 1518 872 1578; x_wconf 79' lang='grc' dir='ltr'>ὀδὲ</span> <span class='ocrx_word' id='word_1_104' title='bbox 893 1517 1026 1589; x_wconf 69' lang='grc' dir='ltr'>κακοήθης</span> <span class='ocrx_word' id='word_1_105' title='bbox 1049 1517 1089 1577; x_wconf 69' lang='grc' dir='ltr'>τά</span> <span class='ocrx_word' id='word_1_106' title='bbox 1109 1518 1182 1601; x_wconf 77' lang='grc' dir='ltr'>τρίτ’</span> <span class='ocrx_word' id='word_1_107' title='bbox 1194 1518 1266 1602; x_wconf 81' lang='grc' dir='ltr'><strong>ἔχει.</strong></span> 
     </span>
     <span class='ocr_line' id='line_1_13' title="bbox 129 1597 1267 1696; baseline 0.006 -27"><span class='ocrx_word' id='word_1_108' title='bbox 129 1597 281 1691; x_wconf 85' lang='lat' dir='ltr'>Namque,</span> <span class='ocrx_word' id='word_1_109' title='bbox 296 1625 494 1692; x_wconf 83' lang='lat' dir='ltr'>praeterquam</span> <span class='ocrx_word' id='word_1_110' title='bbox 510 1616 591 1693; x_wconf 91' lang='lat' dir='ltr'>quod</span> <span class='ocrx_word' id='word_1_111' title='bbox 605 1616 747 1693; x_wconf 81' lang='lat' dir='ltr'>(Bentleii</span> <span class='ocrx_word' id='word_1_112' title='bbox 762 1615 937 1692; x_wconf 83' lang='lat' dir='ltr'>dictasunt)</span> <span class='ocrx_word' id='word_1_113' title='bbox 954 1635 990 1674; x_wconf 85' lang='lat' dir='ltr'>ex</span> <span class='ocrx_word' id='word_1_114' title='bbox 1005 1615 1100 1674; x_wconf 89' lang='lat' dir='ltr'>Soena</span> <span class='ocrx_word' id='word_1_115' title='bbox 1113 1618 1267 1696; x_wconf 82' lang='lat' dir='ltr'>metapho-</span> 
     </span>
     <span class='ocr_line' id='line_1_14' title="bbox 129 1705 1267 1790; baseline 0.007 -26"><span class='ocrx_word' id='word_1_116' title='bbox 129 1727 193 1765; x_wconf 86' lang='lat' dir='ltr'>ram</span> <span class='ocrx_word' id='word_1_117' title='bbox 212 1712 299 1787; x_wconf 80' lang='grc' dir='ltr'>τρίτα</span> <span class='ocrx_word' id='word_1_118' title='bbox 320 1705 417 1782; x_wconf 73' lang='grc' dir='ltr'>λέγειν,</span> <span class='ocrx_word' id='word_1_119' title='bbox 438 1709 500 1768; x_wconf 89' lang='lat' dir='ltr'>sive</span> <span class='ocrx_word' id='word_1_120' title='bbox 518 1718 706 1790; x_wconf 78' lang='grc' dir='ltr'>τριταλογεῒν,</span> <span class='ocrx_word' id='word_1_121' title='bbox 729 1711 805 1768; x_wconf 86' lang='lat' dir='ltr'>male</span> <span class='ocrx_word' id='word_1_122' title='bbox 826 1709 923 1788; x_wconf 87' lang='lat' dir='ltr'>ejecit,</span> <span class='ocrx_word' id='word_1_123' title='bbox 941 1721 1085 1788; x_wconf 81' lang='lat' dir='ltr'>praeterea</span> <span class='ocrx_word' id='word_1_124' title='bbox 1101 1722 1131 1770; x_wconf 91' lang='lat' dir='ltr'>et</span> <span class='ocrx_word' id='word_1_125' title='bbox 1147 1733 1267 1772; x_wconf 89' lang='lat' dir='ltr'>versum</span> 
     </span>
     <span class='ocr_line' id='line_1_15' title="bbox 79 1805 1266 1884; baseline 0.007 -24"><span class='ocrx_word' id='word_1_126' title='bbox 79 1845 81 1850; x_wconf 85' lang='lat'><strong>.</strong></span> <span class='ocrx_word' id='word_1_127' title='bbox 131 1805 337 1881; x_wconf 83' lang='lat' dir='ltr'>strangulavit,</span> <span class='ocrx_word' id='word_1_128' title='bbox 357 1805 408 1864; x_wconf 94' lang='lat' dir='ltr'>illo</span> <span class='ocrx_word' id='word_1_129' title='bbox 424 1805 453 1864; x_wconf 75' lang='grc' dir='ltr'>δὲ·</span> <span class='ocrx_word' id='word_1_130' title='bbox 469 1826 625 1884; x_wconf 86' lang='lat' dir='ltr'>perperam</span> <span class='ocrx_word' id='word_1_131' title='bbox 642 1807 761 1865; x_wconf 87' lang='lat' dir='ltr'>inserto.</span> <span class='ocrx_word' id='word_1_132' title='bbox 795 1807 963 1866; x_wconf 84' lang='lat' dir='ltr'>Menander</span> <span class='ocrx_word' id='word_1_133' title='bbox 977 1807 1058 1884; x_wconf 87' lang='lat' dir='ltr'>apud</span> <span class='ocrx_word' id='word_1_134' title='bbox 1072 1808 1153 1866; x_wconf 91' lang='lat' dir='ltr'>Stob.</span> <span class='ocrx_word' id='word_1_135' title='bbox 1169 1809 1205 1866; x_wconf 91' lang='lat' dir='ltr'>T.</span> <span class='ocrx_word' id='word_1_136' title='bbox 1220 1820 1266 1877; x_wconf 77' lang='lat'>74.</span> 
     </span>
     <span class='ocr_line' id='line_1_16' title="bbox 132 1900 1267 1984; baseline 0.003 -24"><span class='ocrx_word' id='word_1_137' title='bbox 132 1909 158 1960; x_wconf 87' lang='lat'>5.</span> <span class='ocrx_word' id='word_1_138' title='bbox 183 1920 220 1958; x_wconf 82' lang='lat' dir='ltr'>ex</span> <span class='ocrx_word' id='word_1_139' title='bbox 243 1901 414 1961; x_wconf 88' lang='lat' dir='ltr'>recensione</span> <span class='ocrx_word' id='word_1_140' title='bbox 439 1902 629 1961; x_wconf 86' lang='lat' dir='ltr'>Bentleiana:</span> <span class='ocrx_word' id='word_1_141' title='bbox 661 1901 702 1959; x_wconf 73' lang='lat' dir='ltr'>ro?</span> <span class='ocrx_word' id='word_1_142' title='bbox 721 1900 824 1982; x_wconf 77' lang='grc' dir='ltr'>δεύτερ’</span> <span class='ocrx_word' id='word_1_143' title='bbox 845 1901 895 1959; x_wconf 79' lang='lat' dir='ltr'>atel</span> <span class='ocrx_word' id='word_1_144' title='bbox 914 1903 993 1980; x_wconf 89' lang='lat' dir='ltr'>(lege</span> <span class='ocrx_word' id='word_1_145' title='bbox 1006 1901 1061 1984; x_wconf 79' lang='lat' dir='ltr'>a&#39;el)</span> <span class='ocrx_word' id='word_1_146' title='bbox 1082 1904 1134 1973; x_wconf 69' lang='grc' dir='ltr'>τήν</span> <span class='ocrx_word' id='word_1_147' title='bbox 1154 1915 1267 1978; x_wconf 82' lang='grc' dir='ltr'>γυναῖκα</span> 
     </span>
     <span class='ocr_line' id='line_1_17' title="bbox 131 1995 1268 2084; baseline 0.007 -32"><span class='ocrx_word' id='word_1_148' title='bbox 131 1995 174 2053; x_wconf 77' lang='grc' dir='ltr'>δεῖ</span> <span class='ocrx_word' id='word_1_149' title='bbox 188 1995 284 2068; x_wconf 77' lang='grc' dir='ltr'>λέγειν,</span> <span class='ocrx_word' id='word_1_150' title='bbox 307 1995 312 2078; x_wconf 95' lang='grc' dir='ltr'>Ι</span> <span class='ocrx_word' id='word_1_151' title='bbox 333 1997 385 2067; x_wconf 71' lang='lat' dir='ltr'>‘trin</span> <span class='ocrx_word' id='word_1_152' title='bbox 405 1997 426 2055; x_wconf 87' lang='grc' dir='ltr'>δ’</span> <span class='ocrx_word' id='word_1_153' title='bbox 443 1999 591 2072; x_wconf 73' lang='grc' dir='ltr'>ἠγεμονίαν</span> <span class='ocrx_word' id='word_1_154' title='bbox 611 2001 668 2056; x_wconf 78' lang='grc' dir='ltr'>τοῖν</span> <span class='ocrx_word' id='word_1_155' title='bbox 682 1999 753 2057; x_wconf 84' lang='grc' dir='ltr'>ὅλων</span> <span class='ocrx_word' id='word_1_156' title='bbox 774 1998 826 2056; x_wconf 70' lang='lat' dir='ltr'>roh</span> <span class='ocrx_word' id='word_1_157' title='bbox 840 1995 913 2079; x_wconf 62' lang='grc' dir='ltr'>ἄνδρ’</span> <span class='ocrx_word' id='word_1_158' title='bbox 932 1996 1017 2079; x_wconf 78' lang='grc' dir='ltr'>ἔχειν.</span> <span class='ocrx_word' id='word_1_159' title='bbox 1042 1998 1046 2078; x_wconf 96' lang='grc' dir='ltr'>Ι</span> <span class='ocrx_word' id='word_1_160' title='bbox 1067 1998 1140 2058; x_wconf 63' lang='grc' dir='ltr'>οἶκος</span> <span class='ocrx_word' id='word_1_161' title='bbox 1156 2001 1187 2072; x_wconf 82' lang='grc' dir='ltr'>δ’,</span> <span class='ocrx_word' id='word_1_162' title='bbox 1205 2001 1268 2084; x_wconf 74' lang='grc' dir='ltr'>ε’νῷ</span> 
     </span>
     <span class='ocr_line' id='line_1_18' title="bbox 130 2089 1266 2174; baseline 0.008 -27"><span class='ocrx_word' id='word_1_163' title='bbox 130 2091 172 2148; x_wconf 70' lang='lat' dir='ltr'>‘roi</span> <span class='ocrx_word' id='word_1_164' title='bbox 189 2089 284 2148; x_wconf 73' lang='grc' dir='ltr'>πάντα</span> <span class='ocrx_word' id='word_1_165' title='bbox 303 2091 438 2172; x_wconf 64' lang='grc' dir='ltr'>πρωτεύει</span> <span class='ocrx_word' id='word_1_166' title='bbox 452 2092 526 2166; x_wconf 58' lang='lat' dir='ltr'>quari,</span> <span class='ocrx_word' id='word_1_167' title='bbox 549 2093 553 2174; x_wconf 97' lang='grc' dir='ltr'>Ι</span> <span class='ocrx_word' id='word_1_168' title='bbox 575 2093 624 2150; x_wconf 76' lang='lat' dir='ltr'>oth&lt;</span> <span class='ocrx_word' id='word_1_169' title='bbox 640 2091 718 2152; x_wconf 75' lang='grc' dir='ltr'>ἔστιν</span> <span class='ocrx_word' id='word_1_170' title='bbox 735 2092 814 2150; x_wconf 71' lang='grc' dir='ltr'>ὅστις</span> <span class='ocrx_word' id='word_1_171' title='bbox 832 2091 941 2150; x_wconf 64' lang='grc' dir='ltr'>πώποτ’</span> <span class='ocrx_word' id='word_1_172' title='bbox 958 2092 1005 2150; x_wconf 70' lang='grc' dir='ltr'>οὐκ</span> <span class='ocrx_word' id='word_1_173' title='bbox 1019 2092 1163 2153; x_wconf 67' lang='grc' dir='ltr'>α’ποίλετο.</span> <span class='ocrx_word' id='word_1_174' title='bbox 1204 2097 1266 2157; x_wconf 87' lang='lat' dir='ltr'>De-</span> 
     </span>
     <span class='ocr_line' id='line_1_19' title="bbox 130 2187 1269 2270; baseline 0.004 -25"><span class='ocrx_word' id='word_1_175' title='bbox 130 2187 236 2246; x_wconf 86' lang='lat' dir='ltr'>mosth.</span> <span class='ocrx_word' id='word_1_176' title='bbox 252 2188 288 2246; x_wconf 90' lang='lat' dir='ltr'>de</span> <span class='ocrx_word' id='word_1_177' title='bbox 303 2189 381 2247; x_wconf 84' lang='lat' dir='ltr'>Fals.</span> <span class='ocrx_word' id='word_1_178' title='bbox 396 2190 467 2267; x_wconf 86' lang='lat' dir='ltr'>Leg·</span> <span class='ocrx_word' id='word_1_179' title='bbox 484 2198 530 2256; x_wconf 84' lang='lat'>70.</span> <span class='ocrx_word' id='word_1_180' title='bbox 558 2192 648 2247; x_wconf 74' lang='grc' dir='ltr'>τοῦτο</span> <span class='ocrx_word' id='word_1_181' title='bbox 670 2189 698 2249; x_wconf 74' lang='grc' dir='ltr'>δὲ</span> <span class='ocrx_word' id='word_1_182' title='bbox 719 2189 757 2247; x_wconf 72' lang='lat' dir='ltr'>rei</span> <span class='ocrx_word' id='word_1_183' title='bbox 778 2190 877 2270; x_wconf 83' lang='grc' dir='ltr'>δρᾶμα,</span> <span class='ocrx_word' id='word_1_184' title='bbox 892 2188 1082 2260; x_wconf 64' lang='grc' dir='ltr'>οὐδεπώποτε,</span> <span class='ocrx_word' id='word_1_185' title='bbox 1107 2189 1173 2249; x_wconf 73' lang='grc' dir='ltr'>οὔτε</span> <span class='ocrx_word' id='word_1_186' title='bbox 1195 2193 1269 2251; x_wconf 81' lang='grc' dir='ltr'>Θεό-</span> 
     </span>
     <span class='ocr_line' id='line_1_20' title="bbox 132 2283 1269 2366; baseline 0.004 -24"><span class='ocrx_word' id='word_1_187' title='bbox 132 2285 225 2364; x_wconf 73' lang='grc' dir='ltr'>δωροι,</span> <span class='ocrx_word' id='word_1_188' title='bbox 260 2283 326 2343; x_wconf 74' lang='grc' dir='ltr'>οὔτε</span> <span class='ocrx_word' id='word_1_189' title='bbox 356 2284 560 2366; x_wconf 71' lang='grc' dir='ltr'>Ἀριστόδημος</span> <span class='ocrx_word' id='word_1_190' title='bbox 590 2286 767 2365; x_wconf 74' lang='grc' dir='ltr'>ὑπεκρίνατο,</span> <span class='ocrx_word' id='word_1_191' title='bbox 800 2285 838 2344; x_wconf 74' lang='grc' dir='ltr'>οἷς</span> <span class='ocrx_word' id='word_1_192' title='bbox 871 2283 952 2355; x_wconf 74' lang='grc' dir='ltr'>οὗτοι</span> <span class='ocrx_word' id='word_1_193' title='bbox 986 2285 1027 2342; x_wconf 72' lang='lat' dir='ltr'>rei</span> <span class='ocrx_word' id='word_1_194' title='bbox 1058 2290 1144 2366; x_wconf 81' lang='grc' dir='ltr'>τρίτα</span> <span class='ocrx_word' id='word_1_195' title='bbox 1181 2286 1269 2361; x_wconf 77' lang='grc' dir='ltr'>λέγων</span> 
     </span>
     <span class='ocr_line' id='line_1_21' title="bbox 131 2377 1266 2461; baseline 0.004 -23"><span class='ocrx_word' id='word_1_196' title='bbox 131 2377 293 2439; x_wconf 73' lang='grc' dir='ltr'>διετέλεσεν.</span> <span class='ocrx_word' id='word_1_197' title='bbox 310 2381 340 2439; x_wconf 87' lang='lat' dir='ltr'>h.</span> <span class='ocrx_word' id='word_1_198' title='bbox 352 2402 376 2440; x_wconf 86' lang='lat' dir='ltr'>e.</span> <span class='ocrx_word' id='word_1_199' title='bbox 404 2383 642 2460; x_wconf 69' lang='grc' dir='ltr'>τριταγωνιστῶν.</span> <span class='ocrx_word' id='word_1_200' title='bbox 685 2381 832 2440; x_wconf 75' lang='lat' dir='ltr'>Plutarch.</span> <span class='ocrx_word' id='word_1_201' title='bbox 849 2381 932 2440; x_wconf 83' lang='lat' dir='ltr'>Pollt.</span> <span class='ocrx_word' id='word_1_202' title='bbox 947 2381 1092 2459; x_wconf 83' lang='lat' dir='ltr'>Praecept.</span> <span class='ocrx_word' id='word_1_203' title='bbox 1106 2402 1135 2461; x_wconf 83' lang='lat' dir='ltr'>p·</span> <span class='ocrx_word' id='word_1_204' title='bbox 1150 2383 1216 2443; x_wconf 82' lang='grc'><strong>816.</strong></span> <span class='ocrx_word' id='word_1_205' title='bbox 1232 2385 1266 2443; x_wconf 84' lang='lat' dir='ltr'>F.</span> 
     </span>
     <span class='ocr_line' id='line_1_22' title="bbox 124 2476 1270 2559; baseline 0.003 -23"><span class='ocrx_word' id='word_1_206' title='bbox 124 2477 298 2556; x_wconf 81' lang='lat' dir='ltr'>·corrlgente</span> <span class='ocrx_word' id='word_1_207' title='bbox 317 2489 384 2536; x_wconf 82' lang='lat' dir='ltr'>ante</span> <span class='ocrx_word' id='word_1_208' title='bbox 406 2478 557 2536; x_wconf 83' lang='lat' dir='ltr'>Valeslum</span> <span class='ocrx_word' id='word_1_209' title='bbox 577 2480 618 2538; x_wconf 90' lang='lat' dir='ltr'>H.</span> <span class='ocrx_word' id='word_1_210' title='bbox 636 2479 805 2556; x_wconf 82' lang='lat' dir='ltr'>Stephano:</span> <span class='ocrx_word' id='word_1_211' title='bbox 833 2476 946 2535; x_wconf 70' lang='grc' dir='ltr'>ἄτοπον</span> <span class='ocrx_word' id='word_1_212' title='bbox 972 2477 1027 2559; x_wconf 73' lang='grc' dir='ltr'>γάρ</span> <span class='ocrx_word' id='word_1_213' title='bbox 1053 2477 1116 2537; x_wconf 78' lang='grc' dir='ltr'>ἐστι</span> <span class='ocrx_word' id='word_1_214' title='bbox 1144 2478 1195 2537; x_wconf 80' lang='lat' dir='ltr'>reia</span> <span class='ocrx_word' id='word_1_215' title='bbox 1220 2481 1270 2554; x_wconf 73' lang='grc' dir='ltr'>μὲν</span> 
     </span>
     <span class='ocr_line' id='line_1_23' title="bbox 130 2571 1268 2656; baseline 0.003 -26"><span class='ocrx_word' id='word_1_216' title='bbox 130 2571 157 2630; x_wconf 71' lang='grc' dir='ltr'>ἐν</span> <span class='ocrx_word' id='word_1_217' title='bbox 183 2571 324 2652; x_wconf 70' lang='grc' dir='ltr'>τραγῳδίᾳ</span> <span class='ocrx_word' id='word_1_218' title='bbox 351 2572 600 2652; x_wconf 65' lang='grc' dir='ltr'>πρωταγωνιστήν,</span> <span class='ocrx_word' id='word_1_219' title='bbox 629 2572 775 2653; x_wconf 83' lang='grc' dir='ltr'>Θεόδωρον</span> <span class='ocrx_word' id='word_1_220' title='bbox 799 2572 818 2642; x_wconf 70' lang='grc' dir='ltr'><em>ἢ</em></span> <span class='ocrx_word' id='word_1_221' title='bbox 843 2573 952 2645; x_wconf 67' lang='grc' dir='ltr'>Πῶλον,</span> <span class='ocrx_word' id='word_1_222' title='bbox 979 2571 1050 2630; x_wconf 79' lang='grc' dir='ltr'>ὅντα</span> <span class='ocrx_word' id='word_1_223' title='bbox 1073 2575 1206 2654; x_wconf 59' lang='lat' dir='ltr'>prohoemii</span> <span class='ocrx_word' id='word_1_224' title='bbox 1226 2579 1268 2656; x_wconf 66' lang='grc' dir='ltr'>τῷ</span> 
     </span>
     <span class='ocr_line' id='line_1_24' title="bbox 132 2665 1267 2750; baseline 0.005 -27"><span class='ocrx_word' id='word_1_225' title='bbox 132 2666 172 2723; x_wconf 73' lang='lat' dir='ltr'>rei</span> <span class='ocrx_word' id='word_1_226' title='bbox 197 2671 283 2746; x_wconf 82' lang='grc' dir='ltr'>τρίτα</span> <span class='ocrx_word' id='word_1_227' title='bbox 305 2665 417 2740; x_wconf 75' lang='grc' dir='ltr'>λέγοντι</span> <span class='ocrx_word' id='word_1_228' title='bbox 445 2667 578 2726; x_wconf 75' lang='grc' dir='ltr'>πολλάκιι</span> <span class='ocrx_word' id='word_1_229' title='bbox 602 2665 730 2728; x_wconf 73' lang='grc' dir='ltr'>ἕπεσθαι.</span> <span class='ocrx_word' id='word_1_230' title='bbox 758 2668 809 2726; x_wconf 87' lang='lat' dir='ltr'>ubi</span> <span class='ocrx_word' id='word_1_231' title='bbox 837 2678 923 2727; x_wconf 76' lang='lat' dir='ltr'>antea</span> <span class='ocrx_word' id='word_1_232' title='bbox 945 2667 1101 2746; x_wconf 85' lang='lat' dir='ltr'>legebatur</span> <span class='ocrx_word' id='word_1_233' title='bbox 1129 2667 1169 2726; x_wconf 77' lang='lat' dir='ltr'>roi</span> <span class='ocrx_word' id='word_1_234' title='bbox 1190 2675 1267 2750; x_wconf 91' lang='grc' dir='ltr'>τρία.</span> 
     </span>
     <span class='ocr_line' id='line_1_25' title="bbox 132 2760 1113 2842; baseline 0.001 -23"><span class='ocrx_word' id='word_1_235' title='bbox 132 2762 198 2820; x_wconf 88' lang='lat' dir='ltr'>Vox</span> <span class='ocrx_word' id='word_1_236' title='bbox 216 2772 315 2822; x_wconf 83' lang='lat' dir='ltr'>autem</span> <span class='ocrx_word' id='word_1_237' title='bbox 335 2760 519 2841; x_wconf 78' lang='grc' dir='ltr'>τριτολογὲα,</span> <span class='ocrx_word' id='word_1_238' title='bbox 539 2784 598 2842; x_wconf 84' lang='lat' dir='ltr'>qua</span> <span class='ocrx_word' id='word_1_239' title='bbox 611 2784 684 2822; x_wconf 90' lang='lat' dir='ltr'>usus</span> <span class='ocrx_word' id='word_1_240' title='bbox 697 2774 741 2822; x_wconf 89' lang='lat' dir='ltr'>est</span> <span class='ocrx_word' id='word_1_241' title='bbox 756 2763 918 2832; x_wconf 90' lang='lat' dir='ltr'>Bentleius,</span> <span class='ocrx_word' id='word_1_242' title='bbox 935 2764 995 2821; x_wconf 88' lang='lat' dir='ltr'>non</span> <span class='ocrx_word' id='word_1_243' title='bbox 1009 2775 1113 2822; x_wconf 87' lang='lat' dir='ltr'>exstat.</span> 
     </span>
    </p>
   </div>
   <div class='ocr_carea' id='block_1_4' title="bbox 50 2872 1276 4096">
    <p class='ocr_par' dir='ltr' id='par_1_6' title="bbox 50 2872 1276 4096">
     <span class='ocr_line' id='line_1_26' title="bbox 190 2872 1269 2953; baseline 0.006 -23"><span class='ocrx_word' id='word_1_244' title='bbox 190 2873 200 2903; x_wconf 80' lang='lat'>⁸</span> <span class='ocrx_word' id='word_1_245' title='bbox 220 2872 399 2952; x_wconf 82' lang='lat' dir='ltr'>Shakspear.</span> <span class='ocrx_word' id='word_1_246' title='bbox 427 2873 508 2932; x_wconf 82' lang='lat' dir='ltr'>Firrt</span> <span class='ocrx_word' id='word_1_247' title='bbox 528 2875 604 2932; x_wconf 89' lang='lat' dir='ltr'>Part</span> <span class='ocrx_word' id='word_1_248' title='bbox 621 2873 658 2953; x_wconf 71' lang='lat' dir='ltr'>‘ff</span> <span class='ocrx_word' id='word_1_249' title='bbox 671 2872 753 2952; x_wconf 80' lang='lat' dir='ltr'>King</span> <span class='ocrx_word' id='word_1_250' title='bbox 767 2873 871 2953; x_wconf 72' lang='lat' dir='ltr'>Henry</span> <span class='ocrx_word' id='word_1_251' title='bbox 884 2874 940 2932; x_wconf 89' lang='lat' dir='ltr'>IV.</span> <span class='ocrx_word' id='word_1_252' title='bbox 961 2873 1021 2931; x_wconf 93' lang='lat' dir='ltr'>Ill.</span> <span class='ocrx_word' id='word_1_253' title='bbox 1045 2883 1070 2934; x_wconf 94' lang='lat'>1.</span> <span class='ocrx_word' id='word_1_254' title='bbox 1096 2875 1148 2934; x_wconf 81' lang='grc' dir='ltr'><strong>.Γά</strong></span> <span class='ocrx_word' id='word_1_255' title='bbox 1168 2878 1269 2940; x_wconf 84' lang='lat' dir='ltr'>rather</span> 
     </span>
     <span class='ocr_line' id='line_1_27' title="bbox 133 2966 1268 3049; baseline 0.006 -25"><span class='ocrx_word' id='word_1_256' title='bbox 133 2967 165 3026; x_wconf 88' lang='lat' dir='ltr'>he</span> <span class='ocrx_word' id='word_1_257' title='bbox 187 2988 205 3025; x_wconf 89' lang='lat' dir='ltr'>a</span> <span class='ocrx_word' id='word_1_258' title='bbox 228 2967 315 3026; x_wconf 82' lang='lat' dir='ltr'>hitten</span> <span class='ocrx_word' id='word_1_259' title='bbox 337 2969 397 3027; x_wconf 85' lang='lat' dir='ltr'>and</span> <span class='ocrx_word' id='word_1_260' title='bbox 420 2989 470 3047; x_wconf 75' lang='lat' dir='ltr'>erp</span> <span class='ocrx_word' id='word_1_261' title='bbox 491 2989 569 3038; x_wconf 83' lang='lat' dir='ltr'>mera,</span> <span class='ocrx_word' id='word_1_262' title='bbox 592 2966 597 3049; x_wconf 95' lang='grc' dir='ltr'>Ι</span> <span class='ocrx_word' id='word_1_263' title='bbox 617 2970 685 3027; x_wconf 87' lang='lat' dir='ltr'>than</span> <span class='ocrx_word' id='word_1_264' title='bbox 709 2989 761 3026; x_wconf 89' lang='lat' dir='ltr'>one</span> <span class='ocrx_word' id='word_1_265' title='bbox 786 2967 823 3048; x_wconf 65' lang='lat' dir='ltr'>‹p‘</span> <span class='ocrx_word' id='word_1_266' title='bbox 840 2969 916 3026; x_wconf 81' lang='lat' dir='ltr'>there</span> <span class='ocrx_word' id='word_1_267' title='bbox 941 2989 1019 3026; x_wconf 79' lang='lat' dir='ltr'>same</span> <span class='ocrx_word' id='word_1_268' title='bbox 1045 2977 1131 3028; x_wconf 80' lang='lat' dir='ltr'>metra</span> <span class='ocrx_word' id='word_1_269' title='bbox 1158 2971 1268 3031; x_wconf 84' lang='lat' dir='ltr'>hallad·</span> 
     </span>
     <span class='ocr_line' id='line_1_28' title="bbox 132 3063 1268 3142; baseline 0.004 -21"><span class='ocrx_word' id='word_1_270' title='bbox 132 3082 265 3140; x_wconf 81' lang='lat' dir='ltr'>mongers.</span> <span class='ocrx_word' id='word_1_271' title='bbox 287 3063 339 3120; x_wconf 95' lang='lat' dir='ltr'>ubi</span> <span class='ocrx_word' id='word_1_272' title='bbox 363 3064 423 3120; x_wconf 86' lang='lat' dir='ltr'>aad</span> <span class='ocrx_word' id='word_1_273' title='bbox 445 3083 601 3142; x_wconf 76' lang='lat' dir='ltr'>cry-mera</span> <span class='ocrx_word' id='word_1_274' title='bbox 626 3064 809 3142; x_wconf 88' lang='lat' dir='ltr'>perabsurde</span> <span class='ocrx_word' id='word_1_275' title='bbox 832 3063 1023 3140; x_wconf 88' lang='lat' dir='ltr'>distinguunt</span> <span class='ocrx_word' id='word_1_276' title='bbox 1043 3064 1179 3124; x_wconf 89' lang='lat' dir='ltr'>hodierni</span> <span class='ocrx_word' id='word_1_277' title='bbox 1205 3068 1268 3126; x_wconf 90' lang='lat' dir='ltr'>edi-</span> 
     </span>
     <span class='ocr_line' id='line_1_29' title="bbox 132 3157 1269 3238; baseline 0.004 -22"><span class='ocrx_word' id='word_1_278' title='bbox 132 3169 217 3216; x_wconf 87' lang='lat' dir='ltr'>tores.</span> <span class='ocrx_word' id='word_1_279' title='bbox 260 3157 318 3217; x_wconf 88' lang='lat' dir='ltr'>Sed</span> <span class='ocrx_word' id='word_1_280' title='bbox 341 3171 420 3218; x_wconf 90' lang='lat' dir='ltr'>reote</span> <span class='ocrx_word' id='word_1_281' title='bbox 446 3160 559 3236; x_wconf 82' lang='lat' dir='ltr'>absque</span> <span class='ocrx_word' id='word_1_282' title='bbox 585 3159 693 3218; x_wconf 83' lang='lat' dir='ltr'>lineola</span> <span class='ocrx_word' id='word_1_283' title='bbox 713 3159 790 3217; x_wconf 92' lang='lat' dir='ltr'>olim</span> <span class='ocrx_word' id='word_1_284' title='bbox 809 3161 989 3238; x_wconf 87' lang='lat' dir='ltr'>impressum</span> <span class='ocrx_word' id='word_1_285' title='bbox 1009 3172 1063 3230; x_wconf 87' lang='lat' dir='ltr'>est,</span> <span class='ocrx_word' id='word_1_286' title='bbox 1087 3173 1122 3220; x_wconf 90' lang='lat' dir='ltr'>ut</span> <span class='ocrx_word' id='word_1_287' title='bbox 1145 3163 1175 3219; x_wconf 92' lang='lat' dir='ltr'>in</span> <span class='ocrx_word' id='word_1_288' title='bbox 1206 3163 1269 3221; x_wconf 85' lang='lat' dir='ltr'>The</span> 
     </span>
     <span class='ocr_line' id='line_1_30' title="bbox 136 3253 1269 3335; baseline 0.007 -23"><span class='ocrx_word' id='word_1_289' title='bbox 136 3254 163 3312; x_wconf 90' lang='lat' dir='ltr'><em>T</em></span> <span class='ocrx_word' id='word_1_290' title='bbox 162 3273 204 3312; x_wconf 83' lang='lat' dir='ltr'>rao</span> <span class='ocrx_word' id='word_1_291' title='bbox 228 3254 389 3313; x_wconf 86' lang='lat' dir='ltr'>Gentlernen</span> <span class='ocrx_word' id='word_1_292' title='bbox 409 3253 447 3332; x_wconf 66' lang='lat' dir='ltr'>‹p‘⁴</span> <span class='ocrx_word' id='word_1_293' title='bbox 467 3255 577 3313; x_wconf 85' lang='lat' dir='ltr'>Verona</span> <span class='ocrx_word' id='word_1_294' title='bbox 599 3256 622 3314; x_wconf 97' lang='lat' dir='ltr'>l.</span> <span class='ocrx_word' id='word_1_295' title='bbox 638 3265 663 3314; x_wconf 86' lang='lat'>1.</span> <span class='ocrx_word' id='word_1_296' title='bbox 695 3255 773 3315; x_wconf 82' lang='lat' dir='ltr'>Such</span> <span class='ocrx_word' id='word_1_297' title='bbox 794 3257 913 3316; x_wconf 77' lang='lat' dir='ltr'>another</span> <span class='ocrx_word' id='word_1_298' title='bbox 929 3256 1024 3335; x_wconf 70' lang='lat' dir='ltr'>prorff</span> <span class='ocrx_word' id='word_1_299' title='bbox 1036 3257 1096 3316; x_wconf 81' lang='lat' dir='ltr'>raill</span> <span class='ocrx_word' id='word_1_300' title='bbox 1120 3259 1201 3317; x_wconf 83' lang='lat' dir='ltr'>make</span> <span class='ocrx_word' id='word_1_301' title='bbox 1225 3282 1269 3320; x_wconf 88' lang='lat' dir='ltr'>me</span> 
     </span>
     <span class='ocr_line' id='line_1_31' title="bbox 132 3349 1266 3432; baseline 0.003 -22"><span class='ocrx_word' id='word_1_302' title='bbox 132 3373 182 3430; x_wconf 77' lang='lat' dir='ltr'>cry</span> <span class='ocrx_word' id='word_1_303' title='bbox 201 3351 266 3409; x_wconf 86' lang='lat' dir='ltr'>han.</span> <span class='ocrx_word' id='word_1_304' title='bbox 308 3351 370 3428; x_wconf 80' lang='lat' dir='ltr'>(Sic</span> <span class='ocrx_word' id='word_1_305' title='bbox 390 3349 432 3425; x_wconf 78' lang='grc' dir='ltr'>βῆ</span> <span class='ocrx_word' id='word_1_306' title='bbox 452 3349 540 3423; x_wconf 78' lang='grc' dir='ltr'>λέγειν</span> <span class='ocrx_word' id='word_1_307' title='bbox 563 3351 704 3409; x_wconf 90' lang='lat' dir='ltr'>dixerunt</span> <span class='ocrx_word' id='word_1_308' title='bbox 725 3351 865 3410; x_wconf 84' lang='lat' dir='ltr'>Cratinus</span> <span class='ocrx_word' id='word_1_309' title='bbox 882 3352 963 3430; x_wconf 87' lang='lat' dir='ltr'>apud</span> <span class='ocrx_word' id='word_1_310' title='bbox 990 3353 1073 3412; x_wconf 91' lang='lat' dir='ltr'>Suid.</span> <span class='ocrx_word' id='word_1_311' title='bbox 1092 3363 1122 3413; x_wconf 89' lang='lat' dir='ltr'>et</span> <span class='ocrx_word' id='word_1_312' title='bbox 1136 3356 1266 3432; x_wconf 89' lang='lat' dir='ltr'>Etymol.</span> 
     </span>
     <span class='ocr_line' id='line_1_32' title="bbox 133 3445 1267 3526; baseline 0.004 -22"><span class='ocrx_word' id='word_1_313' title='bbox 133 3447 213 3524; x_wconf 83' lang='lat' dir='ltr'>Mag.</span> <span class='ocrx_word' id='word_1_314' title='bbox 236 3447 266 3504; x_wconf 90' lang='lat' dir='ltr'>in</span> <span class='ocrx_word' id='word_1_315' title='bbox 294 3446 347 3516; x_wconf 71' lang='lat' dir='ltr'>Bri,</span> <span class='ocrx_word' id='word_1_316' title='bbox 374 3445 590 3524; x_wconf 86' lang='lat' dir='ltr'>Aristophanes</span> <span class='ocrx_word' id='word_1_317' title='bbox 617 3446 699 3524; x_wconf 83' lang='lat' dir='ltr'>apud</span> <span class='ocrx_word' id='word_1_318' title='bbox 720 3449 845 3506; x_wconf 81' lang='lat' dir='ltr'>Antiatt.</span> <span class='ocrx_word' id='word_1_319' title='bbox 866 3469 895 3526; x_wconf 88' lang='lat' dir='ltr'>p.</span> <span class='ocrx_word' id='word_1_320' title='bbox 916 3446 961 3506; x_wconf 88' lang='grc'>86.</span> <span class='ocrx_word' id='word_1_321' title='bbox 987 3447 1131 3525; x_wconf 89' lang='lat' dir='ltr'>Bekker.)</span> <span class='ocrx_word' id='word_1_322' title='bbox 1183 3450 1267 3510; x_wconf 90' lang='lat' dir='ltr'>Idem</span> 
     </span>
     <span class='ocr_line' id='line_1_33' title="bbox 136 3539 1276 3624; baseline 0.003 -24"><span class='ocrx_word' id='word_1_323' title='bbox 136 3540 243 3600; x_wconf 85' lang='lat' dir='ltr'>Othello</span> <span class='ocrx_word' id='word_1_324' title='bbox 260 3541 362 3601; x_wconf 86' lang='lat'><strong>111.3.</strong></span> <span class='ocrx_word' id='word_1_325' title='bbox 389 3540 439 3598; x_wconf 88' lang='lat' dir='ltr'>l&#39;d</span> <span class='ocrx_word' id='word_1_326' title='bbox 462 3540 561 3598; x_wconf 87' lang='lat' dir='ltr'>rather</span> <span class='ocrx_word' id='word_1_327' title='bbox 581 3539 613 3598; x_wconf 80' lang='lat' dir='ltr'>he</span> <span class='ocrx_word' id='word_1_328' title='bbox 633 3560 651 3597; x_wconf 94' lang='lat' dir='ltr'>a</span> <span class='ocrx_word' id='word_1_329' title='bbox 673 3541 749 3609; x_wconf 82' lang='lat' dir='ltr'>toad,</span> <span class='ocrx_word' id='word_1_330' title='bbox 768 3539 777 3620; x_wconf 99' lang='grc' dir='ltr'>Ι</span> <span class='ocrx_word' id='word_1_331' title='bbox 797 3541 857 3598; x_wconf 88' lang='lat' dir='ltr'>and</span> <span class='ocrx_word' id='word_1_332' title='bbox 876 3541 930 3599; x_wconf 81' lang='lat' dir='ltr'>h&#39;ve</span> <span class='ocrx_word' id='word_1_333' title='bbox 949 3563 1023 3620; x_wconf 85' lang='lat' dir='ltr'>upon</span> <span class='ocrx_word' id='word_1_334' title='bbox 1044 3543 1090 3601; x_wconf 87' lang='lat' dir='ltr'>the</span> <span class='ocrx_word' id='word_1_335' title='bbox 1112 3565 1221 3622; x_wconf 82' lang='lat' dir='ltr'>oapour</span> <span class='ocrx_word' id='word_1_336' title='bbox 1237 3546 1276 3624; x_wconf 56' lang='grc' dir='ltr'>ῳ(</span> 
     </span>
     <span class='ocr_line' id='line_1_34' title="bbox 50 3633 1267 3716; baseline 0.002 -20"><span class='ocrx_word' id='word_1_337' title='bbox 50 3657 52 3661; x_wconf 93' lang='grc'><strong><em>·</em></strong></span> <span class='ocrx_word' id='word_1_338' title='bbox 133 3637 302 3716; x_wconf 81' lang='lat' dir='ltr'>adangmn,</span> <span class='ocrx_word' id='word_1_339' title='bbox 324 3635 328 3716; x_wconf 97' lang='grc' dir='ltr'>Ι</span> <span class='ocrx_word' id='word_1_340' title='bbox 350 3637 420 3694; x_wconf 88' lang='lat' dir='ltr'>than</span> <span class='ocrx_word' id='word_1_341' title='bbox 433 3635 501 3714; x_wconf 86' lang='lat' dir='ltr'>le&#39;eep</span> <span class='ocrx_word' id='word_1_342' title='bbox 518 3654 536 3691; x_wconf 86' lang='lat' dir='ltr'>a</span> <span class='ocrx_word' id='word_1_343' title='bbox 549 3653 653 3693; x_wconf 42' lang='lat' dir='ltr'>,corner</span> <span class='ocrx_word' id='word_1_344' title='bbox 666 3633 697 3692; x_wconf 83' lang='lat' dir='ltr'>in</span> <span class='ocrx_word' id='word_1_345' title='bbox 715 3636 760 3693; x_wconf 87' lang='lat' dir='ltr'>the</span> <span class='ocrx_word' id='word_1_346' title='bbox 773 3634 855 3714; x_wconf 80' lang='lat' dir='ltr'>thing</span> <span class='ocrx_word' id='word_1_347' title='bbox 869 3634 890 3692; x_wconf 92' lang='lat' dir='ltr'><strong><em>I</em></strong></span> <span class='ocrx_word' id='word_1_348' title='bbox 906 3637 964 3694; x_wconf 83' lang='lat' dir='ltr'>love</span> <span class='ocrx_word' id='word_1_349' title='bbox 985 3635 989 3716; x_wconf 96' lang='grc' dir='ltr'>Ι</span> <span class='ocrx_word' id='word_1_350' title='bbox 998 3635 1057 3712; x_wconf 84' lang='lat' dir='ltr'>for</span> <span class='ocrx_word' id='word_1_351' title='bbox 1074 3638 1176 3696; x_wconf 82' lang='lat' dir='ltr'>others&#39;</span> <span class='ocrx_word' id='word_1_352' title='bbox 1195 3661 1267 3698; x_wconf 81' lang='lat' dir='ltr'>aser.</span> 
     </span>
     <span class='ocr_line' id='line_1_35' title="bbox 134 3717 1267 3813; baseline 0.004 -24"><span class='ocrx_word' id='word_1_353' title='bbox 134 3733 172 3790; x_wconf 89' lang='lat' dir='ltr'>Et</span> <span class='ocrx_word' id='word_1_354' title='bbox 192 3717 272 3789; x_wconf 38' lang='lat' dir='ltr'>mox&#39;</span> <span class='ocrx_word' id='word_1_355' title='bbox 284 3731 357 3789; x_wconf 74' lang='lat' dir='ltr'>ibin</span> <span class='ocrx_word' id='word_1_356' title='bbox 389 3730 471 3788; x_wconf 84' lang='lat' dir='ltr'>Thon</span> <span class='ocrx_word' id='word_1_357' title='bbox 493 3728 577 3786; x_wconf 73' lang='lat' dir='ltr'>hodsi</span> <span class='ocrx_word' id='word_1_358' title='bbox 597 3727 662 3787; x_wconf 85' lang='lat' dir='ltr'>been</span> <span class='ocrx_word' id='word_1_359' title='bbox 684 3728 771 3788; x_wconf 84' lang='lat' dir='ltr'>better</span> <span class='ocrx_word' id='word_1_360' title='bbox 787 3731 859 3788; x_wconf 83' lang='lat' dir='ltr'>haue</span> <span class='ocrx_word' id='word_1_361' title='bbox 879 3730 945 3788; x_wconf 85' lang='lat' dir='ltr'>been</span> <span class='ocrx_word' id='word_1_362' title='bbox 962 3730 1029 3789; x_wconf 87' lang='lat' dir='ltr'>horn</span> <span class='ocrx_word' id='word_1_363' title='bbox 1049 3753 1067 3789; x_wconf 95' lang='lat' dir='ltr'>a</span> <span class='ocrx_word' id='word_1_364' title='bbox 1086 3733 1151 3810; x_wconf 83' lang='lat' dir='ltr'>dog,</span> <span class='ocrx_word' id='word_1_365' title='bbox 1173 3731 1177 3813; x_wconf 99' lang='grc' dir='ltr'>Ι</span> <span class='ocrx_word' id='word_1_366' title='bbox 1198 3736 1267 3793; x_wconf 86' lang='lat' dir='ltr'>than</span> 
     </span>
     <span class='ocr_line' id='line_1_36' title="bbox 133 3823 1268 3904; baseline 0.004 -21"><span class='ocrx_word' id='word_1_367' title='bbox 133 3847 243 3884; x_wconf 81' lang='lat' dir='ltr'>ansner</span> <span class='ocrx_word' id='word_1_368' title='bbox 267 3847 311 3904; x_wconf 80' lang='lat' dir='ltr'>my</span> <span class='ocrx_word' id='word_1_369' title='bbox 339 3825 433 3884; x_wconf 82' lang='lat' dir='ltr'>ruale&#39;d</span> <span class='ocrx_word' id='word_1_370' title='bbox 458 3823 558 3883; x_wconf 83' lang='lat' dir='ltr'>rorath.</span> <span class='ocrx_word' id='word_1_371' title='bbox 600 3824 684 3882; x_wconf 88' lang='lat' dir='ltr'>Idem</span> <span class='ocrx_word' id='word_1_372' title='bbox 706 3825 805 3884; x_wconf 83' lang='lat' dir='ltr'>Jnhar</span> <span class='ocrx_word' id='word_1_373' title='bbox 829 3825 930 3885; x_wconf 80' lang='lat' dir='ltr'>Caerar</span> <span class='ocrx_word' id='word_1_374' title='bbox 948 3826 1004 3884; x_wconf 86' lang='lat' dir='ltr'>IV.</span> <span class='ocrx_word' id='word_1_375' title='bbox 1026 3834 1053 3885; x_wconf 89' lang='grc'>3.</span> <span class='ocrx_word' id='word_1_376' title='bbox 1094 3827 1143 3886; x_wconf 80' lang='lat' dir='ltr'>Iu</span> <span class='ocrx_word' id='word_1_377' title='bbox 1168 3829 1268 3888; x_wconf 84' lang='lat' dir='ltr'>rather</span> 
     </span>
     <span class='ocr_line' id='line_1_37' title="bbox 133 3917 1267 4000; baseline 0.004 -21"><span class='ocrx_word' id='word_1_378' title='bbox 133 3923 164 3979; x_wconf 87' lang='lat' dir='ltr'>he</span> <span class='ocrx_word' id='word_1_379' title='bbox 190 3942 208 3979; x_wconf 90' lang='lat' dir='ltr'>a</span> <span class='ocrx_word' id='word_1_380' title='bbox 236 3922 300 4000; x_wconf 83' lang='lat' dir='ltr'>dog,</span> <span class='ocrx_word' id='word_1_381' title='bbox 327 3923 387 3980; x_wconf 85' lang='lat' dir='ltr'>and</span> <span class='ocrx_word' id='word_1_382' title='bbox 415 3921 471 4000; x_wconf 77' lang='lat' dir='ltr'>hay</span> <span class='ocrx_word' id='word_1_383' title='bbox 498 3920 545 3978; x_wconf 87' lang='lat' dir='ltr'>the</span> <span class='ocrx_word' id='word_1_384' title='bbox 564 3941 651 3989; x_wconf 86' lang='lat' dir='ltr'>moon,</span> <span class='ocrx_word' id='word_1_385' title='bbox 674 3917 679 3999; x_wconf 95' lang='grc' dir='ltr'>Ι</span> <span class='ocrx_word' id='word_1_386' title='bbox 699 3921 768 3978; x_wconf 84' lang='lat' dir='ltr'>than</span> <span class='ocrx_word' id='word_1_387' title='bbox 792 3921 862 3980; x_wconf 81' lang='lat' dir='ltr'>rach</span> <span class='ocrx_word' id='word_1_388' title='bbox 889 3943 907 3978; x_wconf 89' lang='lat' dir='ltr'>a</span> <span class='ocrx_word' id='word_1_389' title='bbox 934 3922 1053 3980; x_wconf 87' lang='lat' dir='ltr'>Roman.</span> <span class='ocrx_word' id='word_1_390' title='bbox 1094 3923 1140 3981; x_wconf 87' lang='lat' dir='ltr'>cf.</span> <span class='ocrx_word' id='word_1_391' title='bbox 1167 3935 1267 3985; x_wconf 86' lang='lat' dir='ltr'>autem</span> 
     </span>
     <span class='ocr_line' id='line_1_38' title="bbox 130 4017 792 4096; baseline -0.002 -21"><span class='ocrx_word' id='word_1_392' title='bbox 130 4017 305 4094; x_wconf 78' lang='lat' dir='ltr'>&#39;Fragmenti</span> <span class='ocrx_word' id='word_1_393' title='bbox 324 4017 459 4096; x_wconf 87' lang='lat' dir='ltr'>proxime</span> <span class='ocrx_word' id='word_1_394' title='bbox 480 4017 632 4093; x_wconf 89' lang='lat' dir='ltr'>sequentis</span> <span class='ocrx_word' id='word_1_395' title='bbox 647 4038 674 4074; x_wconf 90' lang='lat' dir='ltr'>v.</span> <span class='ocrx_word' id='word_1_396' title='bbox 690 4023 717 4076; x_wconf 88' lang='grc'>3.</span> <span class='ocrx_word' id='word_1_397' title='bbox 732 4037 792 4094; x_wconf 90' lang='lat' dir='ltr'>seq.</span> 
     </span>
    </p>
   </div>
   <div class='ocr_carea' id='block_1_5' title="bbox 133 4129 1268 4406">
    <p class='ocr_par' dir='ltr' id='par_1_7' title="bbox 133 4129 1268 4406">
     <span class='ocr_line' id='line_1_39' title="bbox 189 4129 1268 4209; baseline 0.01 -24"><span class='ocrx_word' id='word_1_398' title='bbox 189 4130 302 4188; x_wconf 72' lang='lat' dir='ltr'>&#39;“Vs</span> <span class='ocrx_word' id='word_1_399' title='bbox 324 4138 368 4189; x_wconf 91' lang='lat'>18.</span> <span class='ocrx_word' id='word_1_400' title='bbox 389 4139 419 4188; x_wconf 89' lang='lat' dir='ltr'>et</span> <span class='ocrx_word' id='word_1_401' title='bbox 442 4138 486 4198; x_wconf 86' lang='lat'>19.</span> <span class='ocrx_word' id='word_1_402' title='bbox 514 4129 622 4186; x_wconf 87' lang='lat' dir='ltr'>omisso</span> <span class='ocrx_word' id='word_1_403' title='bbox 647 4129 775 4187; x_wconf 86' lang='lat' dir='ltr'>auctoris</span> <span class='ocrx_word' id='word_1_404' title='bbox 802 4129 921 4188; x_wconf 89' lang='lat' dir='ltr'>nomine</span> <span class='ocrx_word' id='word_1_405' title='bbox 948 4141 1018 4188; x_wconf 89' lang='lat' dir='ltr'>sunt</span> <span class='ocrx_word' id='word_1_406' title='bbox 1044 4152 1090 4209; x_wconf 83' lang='lat' dir='ltr'>ap.</span> <span class='ocrx_word' id='word_1_407' title='bbox 1120 4133 1268 4196; x_wconf 87' lang='lat' dir='ltr'>Plutarch.</span> 
     </span>
     <span class='ocr_line' id='line_1_40' title="bbox 133 4222 1268 4302; baseline 0.004 -19"><span class='ocrx_word' id='word_1_408' title='bbox 133 4224 236 4302; x_wconf 88' lang='lat' dir='ltr'><strong>Symp.</strong></span> <span class='ocrx_word' id='word_1_409' title='bbox 249 4245 279 4302; x_wconf 89' lang='lat' dir='ltr'>p.</span> <span class='ocrx_word' id='word_1_410' title='bbox 295 4232 360 4293; x_wconf 82' lang='lat'><strong>739.</strong></span> <span class='ocrx_word' id='word_1_411' title='bbox 375 4244 410 4282; x_wconf 90' lang='lat' dir='ltr'>ex</span> <span class='ocrx_word' id='word_1_412' title='bbox 426 4245 486 4301; x_wconf 92' lang='lat' dir='ltr'>quo</span> <span class='ocrx_word' id='word_1_413' title='bbox 498 4222 564 4281; x_wconf 87' lang='lat' dir='ltr'>loeo</span> <span class='ocrx_word' id='word_1_414' title='bbox 578 4233 656 4281; x_wconf 86' lang='lat' dir='ltr'>certe</span> <span class='ocrx_word' id='word_1_415' title='bbox 670 4223 851 4301; x_wconf 85' lang='lat' dir='ltr'>proficimus,</span> <span class='ocrx_word' id='word_1_416' title='bbox 871 4235 904 4281; x_wconf 88' lang='lat' dir='ltr'>ut</span> <span class='ocrx_word' id='word_1_417' title='bbox 920 4225 1077 4284; x_wconf 80' lang='lat' dir='ltr'>Crotonem</span> <span class='ocrx_word' id='word_1_418' title='bbox 1091 4227 1176 4287; x_wconf 89' lang='lat' dir='ltr'>illum</span> <span class='ocrx_word' id='word_1_419' title='bbox 1190 4231 1268 4289; x_wconf 86' lang='lat' dir='ltr'>senis</span> 
     </span>
     <span class='ocr_line' id='line_1_41' title="bbox 135 4318 852 4406; baseline -0.003 -28"><span class='ocrx_word' id='word_1_420' title='bbox 135 4339 286 4398; x_wconf 86' lang='lat' dir='ltr'>personam</span> <span class='ocrx_word' id='word_1_421' title='bbox 302 4319 476 4406; x_wconf 80' lang='lat' dir='ltr'>sustinuisse</span> <span class='ocrx_word' id='word_1_422' title='bbox 490 4318 665 4376; x_wconf 81' lang='lat' dir='ltr'>discamus.‘’</span> <span class='ocrx_word' id='word_1_423' title='bbox 706 4319 852 4376; x_wconf 74' lang='lat' dir='ltr'>Mnrnsrt.</span> 
     </span>
    </p>
   </div>
   <div class='ocr_carea' id='block_1_6' title="bbox 0 0 1507 5010">
    <p class='ocr_par' dir='ltr' id='par_1_8' title="bbox 0 0 1507 5010">
     <span class='ocr_line' id='line_1_42' title="bbox 0 0 1507 5010; baseline 0 0"><span class='ocrx_word' id='word_1_424' title='bbox 0 0 1507 5010; x_wconf 95' lang='lat' dir='ltr'> </span> 
     </span>
    </p>
   </div>
  </div>
 </body>
</html>
