2948 5010
444 323 677 373 vnasronns
700 317 873 370 namura.
895 337 899 344 ·
1144 301 1214 366 -sl's

74 507 112 565 N
114 527 171 568 unc
193 509 320 588 supplex
341 527 393 568 oro
411 526 525 567 morem
547 516 579 565 ut
598 506 738 564 immutet
757 497 854 572 suum,

75 602 323 683 Humanitusque
343 604 498 682 loquatur:
521 620 635 670 verum,
656 598 755 659 h'ercle
775 599 844 666 scio,

78 698 180 758 Suada
198 699 264 778 ipsa
282 699 315 776 id
334 699 377 758 illi
398 697 572 774 neutiquam
591 693 779 773 persuaserit.

393 1267 703 1333 innormans,
749 1267 804 1352 (Ρ.
822 1264 908 1345 109.)

367 1503 512 1574 Philaalo,
534 1505 593 1562 sive
618 1503 765 1564 Tibiaram
788 1502 926 1560 Stadioso.

85 1647 270 1727 Quicunque
288 1659 529 1727 mentemnegat
547 1649 649 1708 adesse
668 1648 845 1717 amantibus,

85 1743 158 1820 Ipse
177 1753 222 1803 est
240 1743 361 1822 ingenio
381 1745 489 1804 stolido
508 1755 538 1806 et
556 1743 658 1805 bardis
678 1743 818 1801 moribus.

84 1837 169 1897 Nam
189 1839 242 1917 qui
262 1840 430 1918 voluptates
450 1841 486 1899 de
508 1840 569 1899 vita
589 1837 739 1907 exemerit,

86 1934 127 1992 In
149 1935 211 1993 vita
229 1946 339 2014 praeter
358 1947 484 1995 mortem
503 1935 546 1993 nil
566 1933 745 2012 reliquerit¹.

85 2029 137 2088 De
156 2049 204 2090 me
222 2043 432 2109 argumentum
453 2031 547 2109 capio,
568 2030 621 2108 qui
642 2049 722 2088 nunc
744 2027 891 2106 virginem

87 2125 170 2183 Amo
189 2126 348 2196 fidicinam,
370 2125 455 2206 (num
476 2125 600 2204 desipio,
621 2144 675 2203 per
695 2124 776 2182 Deos
784 2123 811 2199 ?)
830 2119 832 2123 ’

89 2218 259 2290 Pulchram,
279 2241 442 2299 proceram,
466 2221 498 2279 in
520 2229 583 2279 arte
609 2218 891 2286 excellentissimam,

88 2313 190 2385 Quam
210 2314 284 2373 mihi
304 2316 474 2394 conspicere
496 2315 625 2384 suavius,
646 2334 737 2392 quam
757 2322 802 2373 est
821 2312 958 2372 omnibus

90 2409 185 2468 Vobis
204 2410 237 2470 in
255 2409 338 2470 liucar
360 2410 494 2470 dividere
515 2409 681 2489 pecuniam.

578 2743 748 2754 ...ι-σῇ..

544 2962 782 3028 mMoonns

548 3186 575 3250 Ι.
620 3185 675 3271 (Ρ.
692 3185 779 3268 111.)

585 3413 737 3472 Heroibas.

97 3542 136 3601 A.
157 3543 255 3622 Igitur
271 3544 361 3622 jubes
379 3563 459 3604 nunc
479 3563 527 3602 me
547 3543 646 3602 omnia
665 3542 775 3620 potius,
797 3563 886 3620 quam

99 3660 167 3718 quae
186 3638 226 3697 ad
246 3659 309 3698 rem
331 3640 491 3718 pertinent,
513 3637 605 3716 loqui.
645 3636 758 3715 Utique
778 3636 811 3694 id
831 3638 937 3706 faciam
957 3641 1021 3702 tibi.

100 3735 137 3792 B.
157 3734 200 3793 Et
218 3734 349 3813 primum
371 3734 493 3814 quidem
514 3734 569 3792 tibi
591 3732 716 3792 cessabit
737 3732 952 3798 Demosthenes

99 3830 196 3890 irasci.
216 3830 255 3888 A.
275 3830 371 3903 Quis?
402 3830 435 3890 B.
456 3829 594 3888 Briareus
613 3827 673 3911 ille,

100 3926 154 4003 qui
175 3926 338 4004 catapultas
356 3926 515 4003 hastasque
535 3925 672 3984 devorat:

101 4020 171 4079 odio
189 4021 301 4081 habens
322 4021 461 4081 orationis
481 4029 573 4080 artes:
595 4019 647 4098 qui
667 4018 783 4076 nullum

100 4115 268 4176 antitheton
287 4136 429 4194 umquam
452 4116 544 4187 dixit;
566 4113 683 4173 nonnisi
706 4114 834 4172 Martem
855 4124 998 4192 spectans.

1003 4211 1190 4277 Scnwnron.

148 4377 155 4406 ¹
173 4378 267 4428 Primos
276 4390 379 4442 quatuor
387 4395 469 4429 versus
479 4381 548 4428 aliter
557 4380 627 4426 vertit
641 4380 748 4440 Grotius,
763 4387 878 4442 tanquam
888 4381 1045 4444 Antiphanis,
1058 4397 1130 4446 supra
1142 4399 1168 4446 p.
1180 4385 1230 4440 197.

104 4461 668 4547 arnano-runorfflnua-Tlmocnns.]
