2990 5010
233 331 359 422 ηδ’
402 343 1202 404 wnmmmnommmmnmmmmmm

232 535 356 605 γίγνεται
378 531 383 617 l
402 530 431 592 ἕν
451 541 510 592 τοῖς
536 534 670 615 λαχάνοις
694 533 732 591 ‘td
753 531 852 591 λοιτδν
873 532 937 605 η’μῐν
956 531 975 602 η’
992 529 1085 611 μα’χη.
1112 530 1165 589 ubl
1185 527 1216 588 ἒν
1239 535 1305 588 ‘roit-
1330 541 1383 584 λιι-

231 624 327 707 χάνοις
343 627 488 700 similiter,
503 640 594 706 atque
613 629 646 687 in
665 629 760 708 ipsius
775 627 894 707 Diphili
913 628 989 696 loco,
1003 625 1220 704 exponendum
1232 636 1294 682 est.
1330 624 1381 682 Ad

231 749 269 793 τι,
291 723 341 781 vel
361 727 399 795 τί,
423 724 505 801 quod
522 725 639 795 attinet,
663 724 696 783 in
715 724 806 783 MSS.
824 724 864 781 A.
878 722 915 781 B.
929 722 964 780 P.
991 732 1154 792 exaratum,
1174 720 1380 780 exscribenda

230 829 301 879 sunt
324 818 592 898 Schweighaeuseri
615 821 724 879 verbs:
751 819 870 892 “Quod
891 819 924 877 in
946 818 1071 878 membr.
1090 817 1130 876 A.
1153 816 1276 896 legitur·
1295 816 1381 886 συνῆ-

230 912 279 972 nole
303 941 331 972 τι
352 915 436 989 η’μιῖν,
461 914 494 974 id
509 933 566 975 nee
588 915 627 974 ad
647 915 824 976 sententiam
839 914 938 974 ‘ullius
958 915 1061 993 frugis-
1077 924 1149 985 erat,
1172 933 1231 973 nec
1250 913 1292 972 ad
1312 933 1379 974 me·

230 1019 321 1068 trum
361 1011 408 1069 Ae
434 1009 569 1088 suspicor
590 1010 818 1090 propemodum,
838 1009 915 1070 illud
937 1009 1124 1088 wimperite
1143 1009 1176 1067 in
1197 1020 1377 1069 contextum

230 1124 293 1162 esse
320 1103 476 1173 adscitum,
504 1124 573 1163 cum
598 1105 637 1164 ad
662 1107 789 1165 verbum
815 1105 931 1175 συνῆκαν
950 1104 1068 1183 aliquis,
1089 1103 1230 1162 dubitans
1255 1105 1375 1182 quaeei

232 1199 276 1258 vis
303 1200 422 1270 inesset,
449 1201 481 1257 in
508 1219 559 1258 ora
585 1200 798 1280 adscripsisset,
825 1204 873 1270 τί;
895 1199 929 1258 id
954 1210 1008 1270 est,
1032 1199 1101 1279 quid
1123 1199 1200 1258 doc?
1226 1199 1302 1279 quid
1324 1201 1377 1258 Isoe

231 1294 404 1373 sigtrificot?
450 1295 600 1365 Editores,
622 1296 823 1374 importunam
849 1295 985 1355 voculam
1011 1321 1039 1352 τι
1065 1295 1252 1374 abjicientes,
1275 1307 1375 1356 metro

178 1395 181 1402 '
230 1400 311 1448 recte
328 1389 529 1449 consuluere.’'
570 1389 698 1460 Scilicet,
715 1390 752 1450 de
771 1410 844 1452 voce
858 1390 950 1469 paulo
969 1389 1151 1468 impeditiori
1168 1391 1375 1459 συνῆκοςειὼ-

232 1483 383 1553 dubitans,
413 1487 442 1542 τί
472 1485 505 1542 in
528 1505 579 1544 ora
604 1484 802 1563 adscripserat
827 1484 977 1554 librarius,
1001 1484 1066 1544 fere
1090 1494 1182 1562 atque
1206 1485 1303 1544 moris
1328 1497 1374 1545 est

231 1577 442 1638 hodiernorum
465 1577 521 1645 Qu.
541 1580 588 1639 vel
610 1577 722 1652 eraere,
742 1581 775 1638 in
796 1601 832 1640 re
850 1579 903 1638 tali
923 1579 1101 1640 adscribere.
1131 1579 1252 1640 Vocula
1270 1573 1393 1642 autern'

231 1673 263 1730 in
277 1684 449 1734 contextum
462 1675 654 1754 postmodum
666 1674 795 1754 irrepsit.

291 1769 312 1798 ¹⁰
333 1769 504 1829 “Comicus
525 1770 607 1849 apud
635 1769 783 1831 Plutarch.
809 1771 946 1850 Sympos.
958 1771 998 1832 V.
1012 1770 1040 1831 6.
1053 1780 1081 1832 3.
1093 1792 1123 1851 p.
1141 1771 1209 1840 676.
1228 1773 1271 1833 D.
1292 1775 1335 1833 m*
1353 1775 1374 1833 δ’

225 1863 327 1939 Ἴσθμι’
347 1863 503 1939 ἀποδοίμην
517 1865 551 1925 ἂν
572 1863 654 1936 η’δέωι
672 1866 742 1924 ὅσον
763 1866 799 1924 ‘0
821 1868 878 1926 τιιῖν
899 1871 1012 1927 σελίνων
1029 1865 1172 1946 στέφανός·
1186 1867 1267 1928 ε’στιν
1285 1871 1372 1931 ι’ίνιοτ.

234 1960 330 2022 Schol.
345 1961 384 2020 ad
405 1961 828 2041 Apollon.Rhod.111.1238.
853 1963 994 2038 ἐτίμησεν,
1017 1962 1060 2023 eie
1074 1963 1137 2036 ἔδει,
1155 1970 1196 2046 τῷ
1219 1965 1307 2040 ἆηόνι
1330 1970 1374 2050 τῇ

231 2053 368 2135 Ἰσθμικηῖ,
391 2054 419 2114 ἔν
439 2054 461 2136 ᾧ
487 2060 514 2113 οἱ
539 2056 661 2114 νικωντετ
687 2060 766 2115 τίτνῖ
788 2055 951 2136 ἐστέφοντο
974 2057 1074 2132 τάλαι,
1098 2060 1220 2141 ὕστερον
1240 2062 1272 2122 δὲ
1295 2065 1375 2147 fqpp

233 2152 357 2230 cetlvpss'
390 2148 526 2210 Ponson.
568 2151 646 2210 Vide
667 2152 782 2211 Corsini
802 2153 930 2213 Dissert.
951 2155 1091 2231 Agonist.
1102 2175 1133 2235 p.
1147 2163 1195 2216 82.

292 2245 311 2276 ²¹
333 2243 426 2305 Verte
440 2245 531 2323 Angl.
544 2245 624 2305 Doce
635 2267 654 2305 a
667 2245 739 2306 hare
750 2255 827 2307 enter
840 2249 889 2308 tlte
898 2249 1028 2308 merkel?
1038 2269 1096 2328 you
1109 2249 1213 2310 sciscit
1223 2251 1372 2335 ιἰνιίαιιίίη.

233 2339 282 2401 De
294 2339 533 2419 interpunctione
547 2340 618 2402 vide
630 2361 721 2420 supra
733 2342 772 2401 ad
784 2342 967 2423 Antiphonis
981 2343 1103 2422 Fragm.
1113 2345 1205 2405 XIII.
1218 2366 1253 2405 n.
1262 2357 1292 2408 3.

291 2435 313 2464 ¹⁸
333 2435 380 2494 Ite
413 2434 598 2505 Dindorlius,
629 2435 800 2496 faventibus
826 2437 916 2496 MSS.
936 2439 978 2498 A.
991 2438 1029 2498 B.
1048 2440 1081 2498 C.
1095 2440 1132 2499 P.
1154 2452 1186 2500 et
1209 2443 1254 2502 sic
1279 2447 1375 2505 etiam

234 2528 367 2599 Grotius,
394 2531 539 2608 probante
562 2529 696 2590 Porsono
717 2531 847 2593 Advers.
867 2553 900 2611 p.
919 2539 966 2593 88.
1006 2533 1054 2591 Cf.
1073 2534 1230 2615 Aristoph.
1249 2537 1374 2602 Themi.

233 2624 302 2686 640.
340 2624 379 2690 In
400 2623 513 2684 Aldina
534 2625 714 2704 impressum
736 2636 797 2687 est:
818 2624 932 2708 πέρδικα
956 2625 977 2688 δ’
999 2628 1018 2699 ἢ
1040 2632 1140 2710 κίχλην
1165 2631 1213 2690 καὶ
1234 2631 1269 2705 nl
1288 2634 1327 2694 δί’
1345 2665 1373 2694 ιι.

233 2744 263 2776 τ.
277 2729 305 2778 λ.
346 2719 502 2779 Putaram:
531 2718 647 2801 πέρδικα
673 2720 695 2778 δ’
716 2719 735 2791 ἢ
758 2724 860 2801 κίχλην
880 2721 921 2796 μα’
942 2722 994 2782 τδν
1013 2721 1063 2781 Δί’
1095 2751 1119 2783 κ.
1137 2751 1167 2783 τ.
1184 2740 1214 2784 λ.
1241 2731 1328 2807 quod
1354 2753 1371 2790 ι

232 2811 329 2872 ductu
353 2812 507 2874 literarum
527 2834 589 2873 non
608 2815 699 2893 longe
715 2817 807 2875 abest.
840 2816 919 2877 Vide
936 2817 1110 2879 Porsou.ad
1122 2821 1279 2902 Aristoph.
1294 2825 1372 2886 Rau.

234 2914 282 2970 41.
295 2907 389 2966 Dobr.
403 2907 441 2968 ad
454 2908 535 2968 Plut.
549 2917 616 2976 287.
630 2911 697 2978 764.
710 2921 741 2969 et
754 2910 880 2971 Advers.
895 2911 932 2970 T.
945 2912 988 2971 II.
1001 2932 1031 2991 p.
1045 2921 1110 2975 138.

293 3002 314 3032 ¹¹
334 3002 457 3064 “Verbi
478 3001 608 3085 ἐπιτιμᾷν
632 3006 769 3084 exemplo
790 3007 933 3068 nonnulla
955 3008 1037 3088 apud
1057 3008 1291 3074 Demosthenem
1319 3017 1371 3076 hn-

232 3099 349 3168 Ι68111118,
376 3098 430 3158 ubi
451 3096 504 3156 τδν
525 3107 607 3158 σῖτον
630 3098 820 3174 ἔτιτιμηθῆναι
840 3102 892 3172 ait,
913 3111 1025 3164 aucium
1046 3123 1107 3162 em
1119 3106 1245 3184 pretium
1270 3111 1370 3182 lra’lr'ct',

235 3209 265 3273 p.
280 3201 347 3264 918.
364 3201 412 3253 22.
426 3205 457 3254 et
473 3202 556 3255 1208.
569 3204 598 3257 2.
612 3195 659 3256 ed.
676 3195 799 3256 Reisls.’'
839 3198 1133 3258 Βοιινιιιιοιιιιιυεωιι.
1156 3203 1210 3280 qui
1232 3204 1371 3285 inprimis

235 3288 450 3350 consulendum
471 3289 588 3351 monuit
607 3290 821 3351 Ruhnkenium
840 3293 878 3352 od
900 3293 1005 3353 Timaei
1023 3293 1119 3375 Λέξεω
1139 3298 1236 3360 [Inar.
1256 3321 1289 3381 p.
1302 3313 1370 3366 115.

233 3404 295 3462 seq.
335 3392 356 3419 “
364 3384 433 3444 Hoc
450 3395 504 3454 est,
525 3385 606 3464 quod
628 3385 708 3446 Galli
727 3386 833 3447 dicunt
852 3389 1022 3448 renelerirl’
1061 3389 1181 3452 Consu.

563 3839 1036 3922 APOLLODORUS.

785 4031 813 4097 I.

330 4153 562 4252 Ἀτρογμιίνως
583 4156 653 4258 ζῆν,
676 4155 743 4246 ἡδί·
770 4159 919 4260 μακάριος
940 4165 1012 4256 βίος

330 4273 382 4342 καί
401 4274 530 4358 σεμνδς,
548 4271 588 4349 dv
610 4271 631 4374 ᾗ
651 4276 719 4361 μεθ’
740 4277 863 4374 ἑτέρων
885 4281 1114 4381 ἀπραγμόνων·
