2948 5010
479 349 708 400 VERSIONES
737 351 913 399 LATINAE.

130 526 171 585 Et
189 527 350 588 mediocria
370 539 439 588 sunt
458 549 493 588 ea
512 530 578 610 ipsa
597 549 666 608 quae
685 531 797 609 pateris
816 530 901 589 mala.

129 621 215 700 Ergo
234 633 265 682 et
284 623 426 695 modeste,
447 626 587 697 Alumne,
610 625 691 704 quod
711 625 862 704 reliquum
881 634 927 685 est
945 625 1031 684 feras.

1017 719 1186 778 Niosson„

132 828 175 899 si,
198 830 371 909 Trophime,
393 832 535 892 aethereas
554 833 610 893 hac
629 834 697 912 iege
716 854 748 893 es
767 843 856 892 natus
875 833 907 890 in
927 851 1022 902 auras,

189 928 239 984 Ex
258 938 329 986 voto
348 939 383 988 ut
403 929 542 989 caderent
561 950 702 1009 prospera
723 950 851 1008 quaeque
870 929 936 999 tibi,

128 1021 294 1100 Jurataque
314 1023 398 1084 Deus
418 1025 578 1103 quisquam
598 1025 654 1083 hoc
673 1025 730 1085 tibi
750 1044 823 1085 voce
843 1023 1027 1102 spospondit,

189 1117 326 1176 Perfidus
346 1129 393 1178 est
412 1121 535 1190 violans,
556 1120 660 1198 iraque
677 1120 759 1198 justa
778 1130 831 1179 tua
851 1131 902 1178 est.

131 1211 185 1271 Sin
204 1213 286 1273 huno
305 1215 461 1275 nobiscum
481 1215 573 1275 trahis
593 1235 661 1274 aera
679 1216 798 1293 legibus
819 1215 922 1292 aequis,

188 1309 263 1367 Fata
282 1309 399 1390 (loquar
419 1311 557 1388 Tragice)
578 1311 679 1369 mitius
699 1311 756 1368 ista
774 1310 860 1369 feras.

130 1402 271 1482 Namque
291 1426 322 1466 es
342 1406 440 1476 homo,
461 1416 497 1466 ut
516 1407 609 1466 verbo
628 1406 733 1484 loquar
752 1426 814 1464 uno
833 1406 929 1484 plura.
971 1405 1030 1466 Sed
1049 1408 1138 1466 hosce

190 1499 255 1559 Prae
274 1501 398 1580 reliquis
417 1501 524 1562 tollens
545 1523 607 1561 sors
626 1501 724 1572 modo,
746 1502 855 1561 deinde
874 1503 991 1580 premit

129 1592 205 1653 Jure
225 1595 260 1654 fit
278 1596 352 1656 hoc:
375 1596 533 1676 siquidem,
555 1597 712 1656 minimum
732 1617 802 1657 oum
821 1598 928 1656 robore
946 1607 1077 1676 praestet,

191 1688 229 1748 Se
247 1700 347 1750 tamen
367 1691 416 1750 hic
437 1691 560 1751 summis
576 1692 705 1771 jungere
725 1693 816 1752 rebus
835 1702 911 1752 avet.
1233 1699 1268 1750 10

131 1783 174 1841 At
194 1783 283 1843 simul
302 1805 336 1845 ac
355 1786 471 1846 tristem
490 1787 604 1865 patitur
625 1788 717 1846 semel
735 1787 800 1866 ipse
819 1789 946 1858 ruinam,

189 1879 259 1938 Jam
279 1883 357 1940 bona
377 1902 446 1942 cum
465 1883 549 1961 lapso
567 1883 655 1962 plura
673 1893 796 1962 repente
816 1883 935 1942 eadunt.

131 1973 247 2034 Verum
267 1977 373 2036 amissa
392 1977 447 2036 tibi
467 1997 522 2037 nec
542 1989 611 2037 sunt
630 1981 709 2038 bona
727 1979 863 2050 maxima,
885 1989 1013 2058 suntque

192 2071 278 2143 Haeo,
301 2074 474 2153 Trophime,
495 2095 512 2134 e
531 2075 646 2145 mediis,
669 2095 735 2153 quae
755 2076 833 2134 mala
851 2085 915 2135 tute
935 2076 1027 2136 doles.

39 2225 42 2230 ,
131 2166 216 2246 Ergo
236 2168 292 2239 fao,
313 2178 357 2238 ut,
378 2168 471 2228 veluti
492 2180 561 2229 sunt
580 2171 645 2230 haeo
664 2171 831 2230 mediocria.
844 2180 960 2243 cuncta,
1232 2180 1266 2230 15

190 2265 308 2324 Diceris
328 2274 409 2324 certo
428 2275 462 2323 tu
483 2249 612 2326 doluisse
630 2266 728 2325 modo.

999 2363 1188 2422 Eosnonrn.

557 2540 622 2603 xi.
668 2541 723 2627 (Ρ.
747 2543 835 2625 145.)

594 2701 809 2781 Thrasyleoate.

134 2822 244 2880 Multas
266 2824 305 2881 ob
326 2841 429 2882 causas
448 2841 508 2879 non
527 2823 622 2899 probo
642 2823 827 2892 sententiam,

134 2918 178 2976 Te
197 2937 300 2976 nosce:
328 2917 423 2975 multo
442 2917 553 2976 rectius
573 2916 687 2976 dictum
707 2918 794 2987 foret,

135 3015 233 3072 Nosce
253 3012 333 3070 alios.

133 3227 239 3285 Multis
258 3227 355 3284 modis
374 3225 489 3285 dictum
509 3227 631 3287 videtur
650 3247 818 3306 perperam,

133 3323 287 3402 Cognosce
307 3333 337 3382 te
357 3323 471 3402 ipsum:
498 3324 594 3402 magis
614 3325 694 3384 enim
714 3324 746 3382 in
765 3345 829 3385 rem
848 3327 946 3386 fuerat
964 3325 1031 3395 hoe,

133 3419 287 3498 Cognosce
306 3431 435 3479 oaeteros.

1071 3515 1191 3572 Enasm.

562 3697 647 3763 xii.
692 3697 876 3784 (P.-147.)·

134 3852 249 3911 Natura
267 3853 440 3911 hominibus
459 3851 554 3910 multa
574 3870 643 3911 cum
662 3852 767 3931 gignat
786 3853 872 3923 mala,

134 3947 268 4022 Tristitia
286 3958 332 4007 est
350 3947 447 4026 majus
467 3947 605 4006 omnibus
625 3947 710 4006 malis
729 3947 850 4006 malum.

1089 4047 1188 4107 Gnor.

133 4137 267 4196 Obnoxii
287 4158 381 4216 quum
402 4137 539 4216 plurimis
560 4137 652 4196 simus
670 4137 765 4210 malis,

131 4231 190 4291 Est
209 4231 306 4310 majus
326 4233 384 4291 alio
404 4233 538 4312 quolibet
557 4252 666 4293 moeror
685 4230 805 4292 malum.

1015 4331 1055 4390 H.
1070 4332 1189 4394 Sr'nrn.

134 4428 334 4516 arsinoas]
