2948 5010
221 308 287 374 192
587 319 816 383 vuuslouus
838 319 1009 369 immun.

218 498 341 558 Adeove
361 499 444 558 duris
463 511 515 559 aut
535 502 644 560 severis
657 501 805 570 moribus,

217 593 279 667 Qui
302 613 362 652 non
383 615 504 655 suorum
525 595 638 656 tribuat
656 596 727 655 huic
746 595 972 675 partemDeo¹.

554 933 556 938 ·
627 939 674 1012 x.
704 943 736 1004 a.
780 938 836 1025 (P.
850 939 920 1020 39.)

713 1151 845 1246 Phaedro.

217 1298 242 1357 E
267 1298 364 1357 Piraeo
384 1298 459 1356 dum
478 1298 577 1368 redeo,
599 1298 761 1378 perplexus
780 1299 865 1357 mulia

216 1393 254 1452 In
266 1393 495 1472 philosophandi
515 1393 630 1454 decidi⁹
647 1394 830 1455 lubidinem:

216 1489 344 1567 Visique
362 1489 436 1548 mihi
456 1500 526 1549 sunt
544 1489 682 1568 ignorare
701 1490 882 1570 Cupidinem
917 1527 918 1532 κ

215 1584 292 1657 Qui⁸
311 1584 358 1656 sit,
378 1585 507 1665 pictores
530 1605 641 1655 omnes,
664 1596 694 1644 et
714 1586 792 1664 siqui
813 1585 897 1645 alteri

214 1680 334 1739 Amoris
354 1679 465 1739 audent
484 1690 630 1739 ostentare
649 1681 802 1757 imagines.

215 1778 294 1836 Nam
313 1797 376 1836 maa
399 1778 533 1856 profecto
551 1796 613 1835 non
635 1786 688 1846 est,
711 1776 764 1835 aed
783 1796 840 1836 nec
859 1776 986 1836 femina:

213 1872 324 1949 Neque
346 1890 417 1929 vero
441 1872 525 1930 Deus
547 1881 602 1942 est,
623 1890 679 1931 nec
698 1870 803 1931 homo:
826 1891 886 1929 non
906 1871 1077 1949 intelligens

215 1967 335 2036 Rerum,
356 1985 417 2024 uon
437 1985 552 2025 vecors:
576 1965 628 2026 sed
651 1976 821 2044 compactus
842 1965 985 2044 undique,

213 2061 334 2140 Species
353 2060 544 2120 multimodas
563 2081 624 2119 uno
647 2063 702 2120 sub
721 2060 808 2120 vultu
827 2080 942 2139 gerens.

212 2156 349 2216 Audacia
369 2155 401 2214 in
420 2155 481 2226 illo,
505 2155 628 2215 sirecte
649 2155 796 2225 advertas,
821 2156 879 2214 viri
899 2165 953 2225 eat,

214 2252 309 2311 Pavor
330 2251 479 2311 mulieris:
501 2250 616 2309 insania
636 2250 782 2321 limfatici,

213 2347 374 2407 Prudentis
392 2347 484 2405 ratio:
509 2357 574 2404 tum
596 2347 669 2406 feroe
685 2345 834 2415 violentia,

212 2444 333 2504 Duritia
353 2443 526 2512 adamantis,
547 2463 582 2503 ac
603 2442 651 2502 dei
671 2442 829 2502 contentio.

213 2539 315 2616 Atque
335 2557 392 2616 ego
414 2536 467 2616 qui
486 2536 551 2596 haec
572 2537 644 2607 dixi,
664 2546 776 2620 tamen,
798 2537 841 2596 ita
860 2556 908 2595 me
931 2556 1032 2596 omnes
1051 2536 1093 2596 Di
1113 2539 1237 2618 juvent,

212 2632 324 2710 ignoro
344 2632 417 2711 quid
440 2633 493 2691 sit:
516 2652 621 2692 verum
644 2631 741 2691 estin
764 2651 825 2710 quo
848 2631 986 2691 convenit
1325 2651 1359 2702 15

214 2727 290 2784 Cum
313 2727 402 2786 rebus
422 2727 495 2798 istis,
520 2728 572 2786 sed
592 2727 712 2786 nomine
733 2726 926 2786 disconvenit

1170 2825 1277 2888 Geor.

627 3073 755 3138 x1.1.
801 3074 942 3161 (nm.)

698 3265 858 3346 Tyndareo.

212 3407 333 3467 Videris
353 3415 387 3466 tu
408 3405 482 3464 mihi
502 3401 591 3463 homo
614 3405 775 3482 Cyrenaeua
796 3423 867 3463 esse.

1082 3502 1274 3568 Scuwnrcn.

258 3713 264 3740 ¹
282 3712 359 3760 azotu
374 3725 418 3759 mc.
435 3708 500 3771 apud
518 3707 701 3756 cantorium:

394 3847 398 3854 .
444 3812 525 3859 Deum
537 3815 662 3872 pomum
676 3810 797 3858 mucimus
812 3811 882 3871 lonae
895 3817 931 3859 cat
945 3812 1029 3871 Amor,

445 3887 591 3948 bicumque
606 3891 663 3932 unta
677 3885 738 3932 altos
753 3899 822 3948 quem
838 3891 866 3932 tu
962 3887 1043 3934 colae:

446 3963 516 4008 Nam
529 3975 599 4008 mmo
612 3966 650 4008 ast
663 3961 723 4008 adeo
734 3967 811 4022 parta
825 3962 976 4022 parcimonia

442 4037 496 4086 Aut
510 4051 603 4083 morum
618 4042 688 4083 tantu
703 4068 806 4085 ......

447 4112 496 4168 Qui
510 4125 561 4158 mm
576 4145 620 4160 ...
638 4126 729 4160 numa
742 4118 814 4174 atque
827 4112 960 4173 participet
971 4113 1019 4164 aa.

256 4213 266 4242 ¹
280 4211 356 4260 incidi
386 4211 521 4272 schaagu.

254 4305 265 4335 ¹
284 4304 350 4360 Quid
378 4303 512 4364 Schweigh.
