2990 5010
217 303 284 368 158
387 310 636 362 commotum
666 313 899 364 ooucouuu
930 311 1195 360 FRAGMENTA.

224 522 247 546 ·“
316 497 476 570 πλέκουσι
500 498 613 570 πάντα
639 504 779 582 μᾶλλον,
806 497 825 580 ἢ
856 501 891 566 τί
917 495 1082 589 τάγαθόν.
1354 515 1373 564 5

315 613 350 688 ἐν
372 613 469 711 οίγρῷ
495 611 673 712 διατρίβων
700 615 763 698 τήν
792 647 833 685 τε
861 619 928 706 γῆν
953 611 1113 684 σκοίπτων
1141 613 1213 705 ἑγιᾶ

306 737 369 803 Ινῦν
394 713 498 828 ειίρον·
527 730 635 828 εἰρήνη
665 730 759 804 ’στιν
790 724 900 801 ὦίΖεῦ
927 733 1091 827 φίλτατε,

315 855 375 934 τῆς
397 845 627 946 ἐπαφροδίτου
653 850 704 920 καί
733 844 971 946 φιλανθρώπου
999 851 1086 918 θεοῦ.

316 962 450 1058 γάμους,
480 963 608 1062 ἑορτοίς,
637 970 825 1058 συγγενεῖς,
854 959 983 1048 παῖδας,
1009 967 1138 1058 φίλους,

225 1091 227 1100 '
312 1086 472 1170 πλοῦτον,
503 1080 656 1174 ν’γιείονῦ,
685 1087 793 1164 σῖτον,
816 1084 911 1165 οίνον,
939 1074 1063 1163 ἠδυυῆν,

230 1261 232 1282 2
268 1261 271 1266 .
318 1198 403 1283 αὕτη
430 1193 546 1270 δίδωσι·
573 1204 686 1270 ταῦτα
715 1196 812 1268 πάντ’
838 1193 878 1267 ἂν
905 1195 1038 1296 ἐκλίπῃ,

971 1435 977 1442 ’
1032 1434 1210 1500 ΠΥΡΡΩι.

968 1575 1062 1655 Apud
1076 1573 1169 1634 spon.
1186 1576 1221 1634 T.
1238 1585 1286 1637 55.
1300 1587 1327 1638 5.

278 1789 285 1818 ¹
301 1788 348 1847 Ita
362 1789 560 1861 Gaisl'ordius,
573 1790 847 1850 obsecundantibus
862 1789 952 1849 MSS.
966 1792 1004 1849 A.
1019 1789 1106 1850 Voss.
1120 1801 1151 1848 et
1163 1789 1210 1849 ed.
1221 1789 1367 1850 Trincev.

219 1885 329 1962 Saltem
349 1887 412 1964 περὶ
438 1885 530 1944 τοῦτο’
555 1885 578 1944 θ’
605 1885 707 1957 αὐτοῖς,
735 1886 759 1944 si
783 1885 858 1964 quid
882 1885 945 1944 veri
970 1885 1078 1944 habeat
1102 1905 1197 1944 canon
1219 1887 1368 1946 metricus

218 1981 428 2051 Elmsleianus‚
443 1982 556 2060 dequo
569 1983 638 2042 vide
652 2003 742 2061 supra
755 1982 794 2041 ad
809 1981 992 2041 Phoenicidae
1012 1983 1131 2060 Fragm.
1146 2002 1175 2040 n.
1189 1991 1217 2041 5.
1258 1981 1368 2060 Vulgo

218 2075 281 2156 περί
301 2072 392 2134 τοῦτο
416 2075 443 2132 τ’
464 2076 569 2146 αὐτοῖς,
591 2089 621 2136 et
641 2078 683 2136 sic
696 2077 924 2136 Valckenoerlus
943 2077 981 2135 ad
1004 2077 1109 2156 Eurlp.
1128 2076 1236 2135 Phoen.
1252 2087 1323 2148 591,
1339 2087 1366 2138 2.

219 2172 391 2230 Brunekius
405 2170 444 2230 ad
457 2172 612 2251 Aristoph.
626 2172 707 2231 Plut.
721 2179 788 2242 985.
803 2183 833 2230 et
851 2171 1035 2240 Meinekius,
1057 2172 1177 2231 favente
1191 2172 1282 2231 etiam
1299 2173 1366 2232 MS.

219 2267 252 2348 B.
267 2267 349 2346 apud
363 2267 577 2336 Gaisl'ordium,
592 2267 623 2326 in
638 2288 699 2346 quo
712 2269 775 2347 περὶ
789 2268 850 2338 τοῦ,
866 2263 930 2325 τότ’
942 2266 1083 2326 mendose
1097 2266 1244 2346 scriptum
1259 2279 1315 2327 est.

224 2447 227 2454 ,
275 2413 446 2484 '“vrovlie,
468 2415 568 2492 inquit
588 2414 721 2484 Grotius,
741 2434 797 2493 pro
818 2414 904 2472 πολιλ
923 2413 957 2473 ob
976 2434 1087 2472 versum
1104 2414 1196 2494 posui.
1238 2415 1365 2474 Nollem

218 2511 356 2588 equidem
378 2511 436 2571 hoe
450 2510 523 2570 Viro
543 2531 653 2589 magno
668 2510 835 2570 excidisset
875 2511 985 2589 Neque
999 2511 1079 2570 enim
1100 2507 1201 2569 πουλιλ
1221 2511 1365 2572 Ionicum

217 2605 249 2662 in
271 2605 425 2664 Comoedia
448 2605 548 2665 Attice
568 2606 667 2666 locum
690 2605 790 2675 habet,
808 2625 906 2682 neque
928 2625 1031 2664 versus
1052 2627 1088 2664 es
1110 2605 1260 2666 medicina
1282 2621 1364 2685 eget

218 2699 366 2759 Credebat
393 2699 506 2760 seilicet
531 2698 686 2758 ἀναλοῦται
714 2700 875 2760 secundam
902 2699 1046 2778 syllabam
1073 2701 1224 2779 corripere
1230 2723 1241 2771 ;
1270 2722 1363 2779 quam

217 2805 317 2853 tumen
328 2795 442 2872 ubique
454 2795 603 2874 producit.
637 2797 772 2854 Restitue
784 2815 857 2873 ergo
870 2794 956 2853 τολιλ
970 2797 1000 2853 in
1015 2795 1123 2867 locum,
1138 2795 1219 2855 unde
1230 2797 1362 2875 ejectum

218 2891 289 2947 est.'’
330 2890 454 2949 Beuum.
495 2891 574 2950 Vide
594 2901 624 2950 et
638 2889 777 2950 Addend.
800 2890 895 2969 Epist.
913 2891 952 2949 ed
965 2891 1044 2949 Mill.
1058 2911 1089 2969 p.
1105 2899 1152 2961 79.
1180 2891 1234 2950 ubi
1247 2893 1363 2952 frustra

218 2985 290 3044 citet
313 2985 509 3045 Marklandus
533 2985 687 3065 Aristoph.
712 2988 772 3065 Eq.
790 2996 818 3057 9.
844 2988 876 3045 iu
902 2987 1037 3065 margine
1064 2988 1244 3065 exemplaris
1266 2987 1361 3050 libelli

218 3081 395 3152 Bentleimi,
430 3082 512 3160 quod
538 3081 569 3140 in
596 3082 706 3141 Museo
732 3081 907 3142 Britannico
933 3092 1109 3142 asservatur.
1163 3083 1265 3154 Quem
1292 3085 1364 3144 vide

217 3177 306 3237 etiam
319 3177 358 3236 ad
373 3177 478 3257 Eurip.
494 3176 561 3255 Iph.
575 3177 611 3235 Τ.
626 3176 673 3236 36.
713 3176 762 3234 cf.
780 3177 879 3237 Bentl.
893 3176 1021 3236 Emend.
1035 3177 1067 3234 in
1083 3177 1225 3236 Menand.
1239 3189 1271 3237 et
1287 3179 1361 3238 Phi-

216 3274 284 3332 lem.
306 3291 336 3350 p.
359 3271 424 3332 146.

274 3409 286 3437 ⁸
299 3409 398 3486 Lege:
416 3407 569 3466 α’νάλωται.
608 3407 716 3485 Eurip.
731 3406 837 3465 Phoen·
853 3415 918 3476 597.
933 3410 1033 3488 μῆτερ,
1048 3405 1081 3464 ol
1095 3405 1188 3481 λόγων
1200 3406 1277 3482 α’γιίν
1288 3407 1362 3477 ἐστ’,

216 3502 279 3560 αλλ’
295 3501 437 3560 οἶνκίλαται
456 3501 561 3583 χρόνου
582 3501 587 3582 Ι
606 3500 654 3560 οἰίν
672 3498 746 3582 με’σιρ
764 3499 865 3573 μα’την·
885 3489 1012 3581 ’περαίνει
1031 3500 1053 3559 δ’
1075 3499 1151 3560 οὕδέν
1172 3499 1191 3571 η’
1210 3504 1361 3583 προθυμία.

217 3599 314 3672 Quem
339 3599 437 3658 locum
459 3599 589 3677 respexit
612 3598 717 3657 Liban.
741 3598 839 3676 Epist
858 3597 1094 3656 DCCXXVIII.
1142 3597 1189 3656 Id.
1211 3598 1361 3658 Androm.
1473 3669 1474 3672 Ἴ

219 3702 302 3754 1154.
323 3693 380 3751 πᾶν
401 3693 422 3750 δ’
440 3691 581 3752 α’νιίλωται
603 3691 682 3766 δέμας
703 3691 708 3772 Ι
728 3692 767 3749 τό
786 3695 979 3772 καλλίμορφον
999 3690 1168 3773 τραυμάτων
1185 3691 1229 3750 ν’π’
1246 3693 1363 3774 α’γρίιιν.
1473 3699 1474 3704 ’

217 3773 301 3849 Ρλίῐο
317 3789 449 3850 comicus
468 3789 550 3869 apud
567 3789 679 3848 Athen.
698 3789 755 3848 lx.
769 3809 799 3867 p.
814 3787 881 3856 367.
897 3789 935 3845 D.
958 3786 998 3844 τοί
1016 3789 1037 3846 δ’
1054 3787 1183 3869 ἀλλότρι’
1199 3789 1259 3850 ἐσθ’
1275 3791 1360 3863 ὅμοια

216 3891 277 3942 ταῖς
295 3887 453 3965 παροψίσι·
475 3883 480 3964 Ι
499 3882 602 3969 βραχί
621 3881 677 3964 γιίρ
690 3909 719 3940 τι
736 3880 879 3964 τέρψαντ’
898 3881 1076 3961 ἐξανάλωται
1093 3883 1182 3966 ταχί.
1213 3884 1269 3944 cilo
1282 3883 1361 3944 dilo-

216 3976 328 4036 buntur.
369 3979 429 4058 (cf.
447 3979 527 4037 infra
548 3976 670 4058 Fiagm.
685 3978 725 4036 V.
741 3975 782 4058 6.)
824 3977 1011 4055 Hesychius:
1030 3976 1301 4053 Ἀπολελιίγνευται.
1324 3985 1361 4038 εἰς

216 4077 344 4146 λαγνείαν
354 4073 506 4132 ἀνάλωται.
536 4072 583 4134 lta
596 4074 768 4151 legendum,
779 4094 848 4133 cum
863 4073 1029 4134 Schsefero:
1052 4071 1156 4150 vulgo’
1170 4073 1358 4154 Ατολελαχν.

214 4177 246 4226 et
264 4177 350 4248 λαχν.
392 4168 500 4229 Obiter
514 4167 688 4239 videndum,
703 4187 801 4226 ennon
815 4165 972 4226 ἀναλοῦντο
985 4168 1206 4228 restituendum
1220 4169 1259 4228 eit
1272 4168 1359 4228 Thu-

215 4260 282 4340 cyu.
299 4262 357 4320 111.
372 4270 418 4322 ει.
432 4264 485 4322 uu
499 4263 589 4324 hodie
602 4249 758 4334 emittm
768 4264 887 4342 legitur.
928 4263 1143 4324 ld.vl11.45.
1164 4263 1216 4322 ιλ
1231 4263 1252 4320 υ
1269 4263 1358 4322 su„
1473 4269 1474 4358 ζ
