2948 5010
252 323 320 388 212
605 335 834 386 vunsronus
855 337 1029 386 unsrun.

257 519 297 576 Ut
318 517 458 576 homones
478 517 577 576 nescio
598 536 671 594 quos
692 527 840 576 coenatum
860 520 1058 577 accerserem?

253 615 303 672 An
323 632 410 671 nemo
431 612 599 690 condapalis
621 613 803 672 adventurus
824 616 888 672 est?

252 707 324 766 Non
344 709 513 786 condapalis
535 709 615 786 quod
639 708 737 778 sciam.
757 709 901 769 rationem
921 702 993 767 ini¹:

253 803 381 862 Venient
401 801 547 871 Philinus,
568 801 715 872 Moschio,
736 803 914 863 Niceratus:

253 898 352 956 Nemo
375 898 466 956 istoc
488 909 614 955 numero
638 897 807 976 condapalis
829 898 947 957 dicitnr.

254 993 351 1050 Nemo
370 991 474 1060 aderit,
496 991 626 1069 inquam.
667 991 770 1064 Quid?
793 993 904 1051 vocasti
924 990 1093 1049 neminem?

253 1083 366 1162 Inquit,
387 1102 561 1142 succensens
581 1093 722 1161 tanquam
740 1082 1001 1162 ‘acceptainjuria
1061 1097 1063 1104 ·

255 1179 406 1238 Mactasne
429 1178 637 1237 terrisulcum?
680 1179 759 1248 Non,
779 1180 953 1258 respondeo.

255 1273 369 1341 Bovem
389 1293 461 1350 ergo
483 1273 684 1332 latifrontem?
727 1273 796 1331 Non
820 1284 917 1333 macto
939 1276 1055 1333 bovem.

256 1367 394 1426 Sedenim
416 1366 571 1426 bidentes?
613 1367 687 1437 Imo,
708 1387 761 1446 per
785 1387 935 1426 summum
955 1370 1070 1440 Jovem,

255 1463 415 1534 Neutrum,
437 1463 489 1522 sed
509 1483 595 1522 ovem
619 1464 763 1522 mactabo.
803 1463 881 1522 Tun’
901 1459 996 1522 nescis
1016 1481 1087 1522 oves

256 1557 399 1618 Bidenses
418 1557 500 1617 dici?
543 1559 608 1617 Nec
631 1558 700 1627 scio,
724 1577 780 1617 nec
803 1557 871 1617 volo
892 1559 1024 1617 discere:

255 1653 392 1731 Agrestis
416 1675 472 1733 ego
494 1675 569 1724 sum,
590 1654 712 1731 loquere
732 1671 850 1713 mecum
871 1653 996 1733 planius.

257 1751 307 1808 An
330 1751 463 1809 Ennium
483 1751 540 1808 ita*
559 1751 693 1809 locutum
712 1751 849 1828 ignoras?
891 1751 963 1808 Non
981 1769 1077 1827 nego:

258 1847 336 1904 Nam
355 1845 441 1904 licuit
460 1846 504 1903 illi
526 1846 568 1905 sic
590 1843 682 1924 loqui,
704 1856 738 1904 ut
761 1845 859 1917 libuit,
880 1865 983 1925 coque.

258 1940 317 2000 Sed
339 1941 406 2010 hoc,
429 1960 484 2018 per
507 1941 605 1999 Vesta:
626 1959 747 2010 numen,
769 1960 822 1998 nos
844 1940 918 2018 quid
942 1941 1068 2000 attinet?

257 2037 340 2110 Quin
359 2047 393 2096 tu
412 2037 507 2114 magis
530 2037 600 2095 audi
621 2047 727 2096 caetera
748 2036 786 2094 ad
806 2037 935 2098 eundem
948 2037 1089 2096 modum.

258 2133 308 2190 An
328 2132 484 2191 Enniane⁸
503 2152 550 2191 me
571 2131 698 2191 decresti
722 2132 869 2211 perdere?

257 2217 347 2288 Meus
368 2228 409 2286 ita
431 2226 488 2284 fari
507 2245 571 2285 mos
590 2238 642 2285 est
683 2227 727 2285 At
749 2248 821 2286 vero
839 2225 913 2285 mihi

259 2323 307 2382 Tu
327 2343 366 2382 ne
389 2322 431 2381 sic
451 2322 580 2400 loquere.
622 2323 747 2401 Propter
767 2322 920 2382 drachmas
942 2331 1083 2400 quattuor

259 2419 374 2487 Meam,
391 2416 497 2494 inquit,
518 2417 640 2495 perdam
661 2418 723 2476 vis⁴
743 2417 1078 2497 consuetiloquentiam?

260 2515 355 2572 Molas
375 2513 435 2572 huc
457 2513 550 2572 adfer.
591 2514 671 2573 Hem
692 2514 765 2592 quid
789 2514 895 2574 dicis⁶?
943 2514 1110 2572 Hordeum.

260 2608 343 2680 Quid
363 2618 423 2667 tam
445 2605 586 2685 perplexa
606 2608 746 2686 loqueris,
766 2609 973 2668 insanissime?

161 2697 172 2717 ⁶
259 2704 392 2764 Adestne
412 2703 544 2762 humoris
565 2703 715 2782 aequorei⁶
736 2705 907 2764 concretio?

260 2801 343 2874 Quin
362 2810 396 2859 tu
414 2800 579 2878 perspicuis
600 2801 700 2859 verbis
723 2800 786 2859 edis
807 2800 881 2879 quid
901 2800 997 2860 velis?

260 2897 371 2954 Vecors
392 2915 431 2964 es,
453 2893 560 2972 inquit,
584 2895 625 2952 mi
647 2915 752 2955 senex:
778 2895 852 2955 cedo
874 2895 979 2954 salem:

262 2989 418 3050 Concretio
436 2983 500 3049 haec
519 3000 564 3049 est
582 2989 641 3048 illa.
660 2991 723 3069 jam
743 2999 873 3050 monstra
892 2991 1062 3069 aquiminal.

261 3087 383 3146 Aderat.
402 3088 556 3155 mactabat,
578 3087 669 3145 verba
691 3096 824 3146 attexens
842 3085 981 3165 plurima,

262 3184 338 3257 Quae
357 3181 561 3244 mediusfidius
579 3201 667 3241 nemo
686 3202 818 3261 unquam
838 3183 1030 3244 intellexerit:

264 3280 392 3351 Ercisce,
413 3279 555 3356 segmina,
577 3288 642 3336 tum
661 3277 782 3356 biplicia
801 3289 831 3338 et
851 3280 1004 3342 subulam:

264 3377 305 3437 Ut
325 3377 398 3436 mihi
417 3375 562 3453 legendus
581 3373 681 3433 Verrii
701 3374 801 3434 Flacci
820 3375 915 3435 liber⁷

263 3474 375 3544 Fuerit,
397 3473 556 3532 verborum
577 3479 612 3528 ut
632 3469 796 3546 significata
815 3470 992 3531 evolverem.

511 3755 517 3782 ¹
534 3754 580 3800 inii
595 3752 729 3812 Schweigln

511 3848 521 3876 ¹
537 3847 670 3894 Homerum
685 3845 720 3892 ita
736 3851 764 3892 tn
778 3846 911 3910 Schweigh.

511 3941 521 3969 ³
537 3940 696 3988 Homerum
712 3939 846 4002 Schweigh.

511 4035 521 4062 ⁴
535 4033 572 4080 oia
585 4033 687 4094 perdam
702 4034 837 4096 sehwugh.

513 4125 523 4152 ⁵
539 4124 613 4190 Mola
628 4131 656 4172 ut
670 4125 752 4173 adsint
765 4126 818 4185 sar.
853 4127 919 4183 erid
932 4127 1014 4178 duur
1028 4127 1166 4192 Schweiglr.

512 4217 607 4280 ‘aquai
620 4218 757 4280 Schweigh.

514 4311 524 4341 ⁷
538 4311 596 4358 mibi
611 4317 640 4360 ut
656 4311 758 4360 Phileto
773 4313 945 4362 consulendum
960 4316 1053 4364 &mon
1070 4313 1207 4380 Schrugh.

1263 4407 1399 4496 [ms.
