2990 5010
571 359 874 410 nunsrnncnus.
1250 350 1294 412 85

238 539 260 578 ¹⁹
279 541 392 619 Supple
405 540 504 612 κέλευε,
518 543 639 620 quicum
654 544 826 613 consentiat,
844 542 926 621 quod
944 542 1088 620 sequitur,
1109 539 1167 598 καθ’
1183 538 1295 606 ἕκαστα

157 630 251 704 λέγων.

152 763 155 767 ’
239 748 261 780 ¹⁷'
278 751 319 830 τῷ
342 757 375 807 τε
395 756 517 832 μαγείριρ
539 751 576 823 μή
599 753 784 828 λυμαίνεσθαι,
803 751 894 828 Angl.
915 751 976 808 and
995 757 1040 809 noi
1058 757 1087 808 io
1106 768 1169 806 mar-
1186 747 1294 805 ilicea-

158 843 263 902 ertiorra
282 845 323 922 (ff
336 847 382 905 the
405 849 481 918 eoois,
508 847 538 906 h.
552 869 577 908 e.
599 848 658 906 aad
680 856 725 906 not
748 856 780 906 to*
797 845 872 925 spoil
894 847 941 905 tire
961 845 1070 904 dinner.
1110 843 1194 902 Perit
1214 843 1293 901 enim

159 939 251 1015 (dicta
279 953 349 1000 sunt
375 945 556 1022 casauboni)
590 942 692 1002 multis
719 943 793 1002 cibis
820 963 872 1000 sua
898 941 1003 1019 gratia,
1035 939 1093 998 nisi
1126 948 1294 1017 opportune

158 1035 359 1094 comedantur.
441 1055 446 1062 ·

212 1216 215 1221 Ι
237 1146 257 1176 ¹⁸
277 1147 349 1205 Colo
362 1150 461 1225 potius
475 1170 550 1226 opus
564 1161 608 1208 est
621 1161 689 1229 post
703 1148 798 1221 λέγων,
813 1160 950 1227 respectu
964 1147 1066 1205 habito
1078 1144 1116 1203 ad
1130 1143 1293 1222 sequentia,

155 1238 280 1316 ssodssdt,
300 1241 388 1330 ἐλάα,
401 1271 425 1300 κ.
440 1271 468 1300 τ.
483 1258 509 1302 λ.

236 1373 256 1402 ¹⁹
276 1372 532 1453 Supplendpsow.
561 1377 708 1453 Cf.supra
719 1373 1154 1452 PherecratisFragm.IlI.l7.
1186 1371 1292 1429 Eubu-

153 1465 205 1528 dus·
217 1466 328 1526 Athen'.
343 1468 417 1527 VII.
431 1490 460 1547 p·
476 1478 542 1529 330.
557 1469 591 1526 C.
614 1469 684 1548 πρδτ
710 1467 853 1526 ποιίτοισιν
876 1467 905 1529 δέ
931 1466 1072 1547 παρέσται
1102 1493 1146 1524 σοι
1174 1463 1179 1546 Ι
1203 1463 1294 1522 driuson

152 1557 294 1640 τέμαχος,
318 1561 385 1642 κρέα
407 1563 569 1640 δελφακίων.
594 1563 794 1642 Epicharmus
816 1562 971 1623 Sirenibus
992 1563 1072 1641 apud
1088 1563 1197 1626 Athen.
1219 1561 1292 1620 vu.

153 1669 186 1733 p.
201 1664 268 1724 ΞΠ.
284 1657 317 1716 F.
332 1659 404 1730 οἴμοι
427 1684 474 1731 μοι
494 1660 583 1716 τάλας
603 1657 609 1742 Ι
629 1657 690 1739 περί
707 1657 786 1731 σᾶμα
805 1683 839 1730 με
857 1661 984 1716 καλοῦσα
1005 1662 1127 1716 κατίσκα
1147 1655 1221 1729 λέγει
1239 1669 1294 1732 pon

151 1753 214 1820 ,ssia
234 1753 331 1822 κακῶν,
353 1751 357 1830 Ι
379 1752 396 1809 d
416 1753 459 1812 καί
481 1753 561 1833 παραὶ
583 1757 699 1834 τρίγλαι
724 1779 756 1811 τε
784 1753 827 1810 καί
853 1751 955 1833 πάχηα
979 1753 1072 1826 κάμίαι
1099 1751 1144 1810 δύο
1169 1751 1173 1830 Ι
1199 1749 1292 1808 διατι,-

151 1844 292 1919 ,ταγμέναι
309 1845 400 1920 μέσαι,
418 1847 529 1926 φάσσαι
549 1875 582 1908 τε
598 1851 760 1907 τοσσαῦται
774 1848 864 1929 παρῆς
886 1848 891 1927 Ι
912 1851 1042 1928 σκορπίοι
1062 1873 1105 1905 τε.
1141 1847 1190 1905 Sic
1204 1839 1293 1902 hodie

155 1942 265 2021 legitur
285 1943 335 2006 hic
360 1944 452 2014 locus,
477 1946 610 2008 omnium
636 1943 904 2023 Epicharmeorum
928 1945 1017 2022 longe
1043 1942 1294 2024 corruptissimus.

154 2039 239 2115 Lege
265 2038 401 2096 omnino:
428 2041 504 2112 οἴμοι
527 2066 576 2114 μοι
597 2038 697 2109 πάλας,
719 2039 724 2119 Ι
748 2040 811 2120 περί
834 2039 914 2111 σᾶμαΙ
933 2065 967 2112 με
989 2039 1104 2097 καλοῦσ’
1126 2037 1231 2096 ιίκοιτίι
1258 2063 1293 2094 κα

152 2132 233 2206 λέγοι
251 2134 313 2190 (Doti
329 2136 387 2192 ταῖν
404 2137 500 2205 κακῶν,
522 2133 528 2214 Ι
547 2134 616 2192 ὅκκα
639 2134 716 2215 πιίρα
738 2137 851 2215 τρίγλαι
869 2133 895 2194 π’
912 2134 1025 2198 Ἰωνικαί
1042 2138 1156 2215 παχῆαι
1173 2131 1266 2206 κάμίαι
1288 2130 1293 2211 Ι

151 2227 371 2304 ,διατεταγμέναι
390 2228 482 2304 μέσαι,
497 2229 608 2308 φάσσαι
630 2257 663 2290 τε
681 2233 846 2289 τοσσαῦται,
866 2231 944 2314 πάρα
966 2231 970 2314 Ι
992 2236 1121 2312 σκορπίοι
1136 2257 1178 2290 πε.
1222 2231 1249 2288 V
1246 2235 1292 2291 oe!

155 2323 234 2394 mihi,
248 2323 318 2383 milii
336 2323 446 2396 misero,
467 2325 543 2384 circo
562 2327 660 2385 horam
675 2325 795 2405 prandii
813 2347 855 2384 rue
875 2347 979 2384 nocuas
1000 2327 1135 2384 uxorcula
1159 2326 1292 2386 clamabit

151 2419 230 2486 ,“O!
241 2419 359 2498 fuctum
373 2421 472 2494 male,”
491 2422 604 2500 quondo
621 2431 650 2486 ct
670 2423 747 2482 mulli
767 2423 871 2482 adsient
888 2423 991 2492 lonici,
1009 2431 1035 2480 et
1056 2422 1179 2502 pingues
1199 2422 1292 2494 omioe,

152 2516 186 2574 ιἰι
206 2514 295 2574 medio
318 2514 472 2594 dispositae,
491 2515 673 2595 palumbique
693 2525 752 2574 tam
776 2516 856 2575 multi
881 2518 995 2586 adsunt,
1018 2524 1044 2576 et
1064 2518 1169 2598 scorpii
1188 2520 1293 2600 pisces.

153 2610 252 2678 'Voces
265 2611 323 2686 φοῦ
339 2612 395 2668 τῶν
416 2611 505 2672 καιιῖν
527 2622 624 2674 vertas
644 2611 714 2690 iicet
737 2611 883 2688 Anglice:
900 2611 949 2688 fle
969 2632 1050 2690 upon
1063 2613 1144 2673 tlree!
1166 2615 1222 2686 vel,
1246 2626 1293 2675 out

155 2727 229 2785 upon
243 2707 321 2766 thee!
363 2707 484 2767 Scilicet
495 2709 527 2765 in
541 2706 672 2766 secundo
685 2727 783 2776 versu,
797 2727 853 2785 pro
866 2709 1013 2786 corruptis
1024 2711 1150 2768 καλοῦσα
1162 2716 1293 2786 rariora,

155 2799 225 2864 dedi
246 2801 359 2859 καλοῦσ’
379 2800 484 2860 ἄκοιτις
507 2828 551 2872 κα,
574 2803 625 2860 vix
646 2821 707 2859 una
722 2801 841 2861 litterula
857 2803 1022 2873 immutata,
1040 2804 1092 2879 (de
1105 2831 1124 2862 α
1138 2817 1169 2865 et
1184 2834 1209 2864 ιιι
1223 2828 1294 2867 con-

151 2896 230 2954 fusis
253 2895 322 2955 vide
343 2897 467 2955 Porson.
486 2896 525 2955 ad
545 2896 651 2974 Eurip.
673 2895 777 2955 Phoen.
802 2903 886 2957 1358.
906 2897 989 2956 Med.
1003 2906 1049 2957 44.
1064 2901 1146 2979 675.)
1167 2913 1197 2961 et
1215 2901 1292 2977 λέγοι

155 2991 270 3068 scripsi,
285 2992 403 3050 favente
414 2992 502 3051 etiam
516 2991 583 3050 MS.
596 2992 629 3050 B.
670 2991 790 3050 Tertius
804 3011 907 3050 versus
921 2992 963 3052 sic
977 2993 1109 3054 sehabet
1120 2997 1152 3054 in
1165 2997 1291 3058 Aldina=

153 3085 172 3142 ὃ
192 3085 238 3143 καί
257 3086 338 3167 παρα
358 3091 476 3172 τρίγλαι
497 3113 530 3145 πε
551 3086 598 3144 καί
621 3089 638 3120 ³*
660 3085 762 3168 πάχηα
786 3084 880 3160 κάμίαι
906 3085 962 3144 dio.
1004 3090 1196 3150 casaubonus
1221 3093 1292 3151 ὅκκα

154 3179 234 3266 πάρα
254 3184 367 3260 τρίγλαι
388 3183 500 3260 optime
521 3180 625 3268 edidit,
647 3183 752 3241 ceteris
773 3182 891 3241 intactis
900 3203 912 3252 ;
938 3203 997 3260 qua
1020 3185 1225 3247 emendatione
1245 3188 1293 3268 (ut

154 3277 287 3353 videtur')
300 3288 428 3356 recepta,
449 3297 505 3355 pro
523 3275 625 3356 πάχηα
644 3277 747 3350 ια’μίαι,
768 3277 882 3358 παχῆαί
897 3277 923 3350 γ’
939 3277 1017 3350 α’μίαι
1046 3278 1207 3358 legendum
1228 3305 1292 3342 esse

153 3373 271 3431 censuit
281 3371 372 3429 Koen.
383 3371 421 3430 ad
432 3372 557 3449 Gregor.
572 3394 602 3451 p.
611 3372 678 3433 261.
701 3372 833 3451 spondeo
846 3373 877 3430 in
891 3374 1027 3451 quintam
1037 3374 1141 3434 sedem·
1149 3378 1290 3437 immisso.

150 3467 243 3532 Adde
255 3468 337 3546 quod
350 3469 447 3546 prima
459 3468 491 3526 in
504 3466 572 3540 ἀμία
588 3468 688 3526 brevis
700 3479 755 3528 est.
795 3469 849 3527 Sic¹
858 3467 988 3548 γόγγρων
1001 3470 1122 3551 παχήννν
1131 3472 1207 3532 dixit
1216 3475 1293 3553 Epi·

150 3564 295 3624 charmuu
306 3563 419 3622 Athen.
429 3563 539 3640 V11.p.
553 3571 620 3622 312.
631 3563 664 3620 C.
706 3562 864 3641 Equidem,
882 3563 984 3644 πάχηα
997 3566 1029 3623 in
1043 3571 1154 3648 παχῇαι
1168 3582 1291 3646 mutato,

152 3691 256 3730 vocem
267 3669 315 3729 δίο
325 3671 358 3729 in
371 3672 430 3730 fine
441 3692 545 3734 versus
553 3670 710 3730 delendam
720 3673 835 3750 putavi,
846 3673 928 3751 quod
936 3695 973 3733 ex
985 3663 1027 3734 δίἶι
1038 3676 1067 3734 in
1078 3659 1292 3752 διατεταγμένα

152 3766 312 3826 refluxisse·
322 3766 450 3826 videtur.
492 3765 666 3845 Archippus
677 3767 788 3826 Athen.
803 3768 822 3825 l.
833 3786 859 3826 c.
873 3767 924 3826 ὅτε
939 3768 960 3826 δ’
971 3767 1058 3838 ἧσθαι,
1068 3770 1149 3843 α’μίαι
1163 3776 1293 3852 παχείας.

149 3860 244 3921 *Unde
264 3862 370 3920 amiam
391 3873 517 3940 apparet
534 3882 593 3920 non
615 3881 650 3922 ex
673 3862 805 3941 piscibus
826 3864 997 3942 majusculis
1017 3867 1118 3935 fuisse,
1141 3878 1175 3928 ut
1193 3868 1241 3926 vix
1263 3881 1294 3929 et

153 3977 192 4016 ne
204 3958 253 4015 vix
270 3957 394 4035 quidem
413 3957 476 4018 ἅμα
492 3967 612 4022 tantum,
626 3977 735 4016 mensae
751 3957 864 4035 imponi
882 3971 963 4019 recte
982 3961 1161 4023 dicerentur.
1202 3964 1293 4038 Quod

151 4051 192 4110 ad
210 4050 323 4110 Ἰωνικαὶ
342 4053 457 4121 attinet,
472 4052 607 4113 ultimam
621 4053 686 4130 ejus
700 4053 781 4112 vocis
793 4073 849 4130 pro
863 4054 907 4110 καὶ
924 4056 1131 4134 conjunctione
1145 4061 1293 4138 accepisse

151 4159 273 4248 videtur
287 4162 649 4233 somnolentuslibrarius,
664 4163 823 4239 literasque
837 4149 938 4234 iio-ma
955 4183 986 4220 se
999 4182 1106 4240 parum
1119 4163 1292 4245 intellectas,
1338 4157 1340 4162 ¹

150 4257 231 4316 malo
252 4259 350 4318 omine
373 4259 558 4337 exstirpasse.
598 4259 721 4338 Τρίγλαι
740 4256 856 4317 Ἰανικαῖι
876 4258 989 4321 Graecis
1012 4259 1043 4315 in
1067 4258 1182 4319 deliciis
1201 4263 1293 4322 fuisse

149 4363 277 4411 testatur
299 4353 406 4412 Pollux
420 4354 476 4411 VI.
495 4363 537 4413 10.
588 4355 621 4410 In
645 4376 673 4410 v.
697 4363 724 4412 4.
748 4355 839 4431 παρῆν
863 4364 908 4410 est
930 4353 1018 4410 lectio
1045 4353 1127 4424 Aidi,
1156 4359 1235 4434 quod
1261 4360 1306 4421 in,
