2990 5010
469 359 495 364 „
587 348 816 399 rnrnnn‘ou.
1202 335 1265 402 165

128 541 222 600 etiam
240 542 330 602 vertit
345 544 497 604 Morelius.
539 547 581 606 Et
599 533 821 618 sie'Hertelius,
838 547 889 626 qui
907 558 1016 616 tamen,
1031 547 1062 604 in
1079 546 1267 618 Praefatione‚

128 635 170 694 de
189 636 324 696 versione
337 657 391 696 sua
409 639 529 718 ingenue
544 641 664 712 fatetur,
679 642 825 721 quiequid
839 663 873 700 ex
888 641 1008 700 Stobaeo
1023 641 1217 719 transcripsit,
1235 640 1267 700 id

128 749 219 790 omne
239 749 270 789 se
291 751 327 790 ex
347 732 482 793 versione
503 735 628 794 Gesneri
648 747 816 796 mutuatum
836 757 908 796 esse.

190 849 202 879 ⁶
221 850 365 910 “Pedem
392 851 545 931 dactylum
567 866 635 914 ante
659 856 777 916 finalem
799 855 932 915 iambum
954 856 987 913 in
1012 865 1183 915 tetrametro
1206 867 1266 914 tro-

93 952 95 956 ’
129 944 234 1004 chaico
247 947 410 1006 admittunt
427 950 531 1010 comici
545 951 694 1028 pudenter
708 961 737 1010 et
750 971 825 1010 raro.
866 950 943 1011 Haee
957 951 1134 1011 Porsonus.”
1175 953 1266 1011 Wan-

129 1059 200 1100 Por..
233 1042 329 1102 1Vide
351 1043 473 1103 Porson.
496 1035 714 1124 sopp1.'Praef.
735 1047 774 1106 ad
795 1047 904 1125 Eurip.
925 1048 1000 1108 Hee.
1018 1068 1048 1127 p.
1066 1047 1103 1106 Ia.
1123 1047 1273 1126 (XLIV.)

130 1136 254 1204 Tatium
276 1138 367 1199 Greek
388 1137 499 1220 Tragio
516 1141 577 1199 and
593 1130 688 1200 Cernit·
705 1141 816 1201 Matres
830 1140 855 1218 ξ.
870 1142 942 1200 VII.
984 1143 1056 1200 Mox
1077 1140 1163 1199 αὐτόν
1182 1142 1266 1201 Grot.

130 1231 258 1310 Walpol.
281 1233 333 1295 sed
351 1245 431 1295 reete
447 1233 533 1294 αὐτόν
554 1235 643 1296 etiam
662 1237 786 1296 Gesner.
805 1235 919 1296 Hertel.
939 1236 1070 1296 Meiuek.
1110 1237 1161 1297 Ad
1179 1235 1217 1310 μη
1235 1236 1267 1295 oi

128 1324 232 1398 μαθιιλν,
254 1329 453 1389 consulendus
475 1339 521 1390 est
543 1330 717 1389 Matthiaeus
739 1330 791 1388 Gr.
813 1331 867 1389 Gr.
887 1329 954 1391 608.
976 1352 998 1390 e.
1026 1341 1057 1390 et
1078 1331 1115 1391 de
1139 1332 1266 1410 syniaesi

129 1421 286 1484 Thiersch.
302 1425 355 1485 Gr.
370 1426 422 1486 Gr.
436 1426 460 1501 §.
475 1426 645 1486 ccxlnln
662 1435 705 1486 14.
1025 1437 1029 1446 ’

83 1583 88 1598 .
190 1545 202 1578 ⁷
222 1544 281 1602 Pro
297 1543 317 1602 <i
338 1570 370 1619 γε
389 1546 466 1608 male
483 1545 605 1625 conjicit
620 1545 771 1606 Gesnerus
798 1525 876 1606 τάδε.
916 1548 988 1605 Mox
1003 1547 1123 1626 plenius
1140 1547 1268 1628 distinx-

129 1638 205 1696 erim
233 1649 303 1717 post
328 1639 398 1714 ἡμῖν,
428 1651 458 1701 et
483 1638 652 1712 ἀπόλλυται,
679 1661 748 1699 eum
770 1641 883 1701 Hertel.
904 1641 988 1699 Grot
1009 1640 1115 1701 Cleric.
1135 1641 1265 1720 Walpol.

131 1734 266 1795 Meinek.

189 1855 349 1937 ‘'dppqffoq
369 1857 582 1928 Trinoavellus,
604 1858 685 1936 quod
710 1858 742 1915 in
761 1856 869 1938 δρμηθῇ
888 1857 1016 1917 mutavit
1037 1857 1190 1928 Morelius
1219 1873 1268 1918 se·-

130 1961 242 2032 quente
263 1953 408 2014 Hertelio.

190 2065 201 2096 ⁹
221 2064 365 2124 “Addidi
380 2064 432 2123 τόν
444 2067 483 2125 ob
498 2068 642 2125 versum.”
671 2067 772 2125 Gnor.
813 2065 939 2144 “Atqui
952 2065 1004 2124 τδν
1016 2068 1152 2144 praebent
1165 2062 1266 2125 omnes

127 2160 200 2222 edd.
246 2164 296 2231 τῆς
317 2159 433 2220 addidit
453 2161 585 2221 Grotius.
627 2162 685 2220 Pro
705 2157 795 2244 τύχης
816 2159 968 2222 Bentleius
987 2161 1148 2240 legendum
1163 2161 1268 2220 suadet

131 2254 260 2337 τέχνης.”
289 2256 462 2318 Gnrsronn.
496 2257 555 2326 τῆς,
578 2256 686 2316 omisso
709 2255 769 2326 τόν,
792 2255 946 2316 Hertelius
957 2278 967 2327 ς
988 2256 1070 2335 quod
1092 2255 1266 2315 notandum.

131 2352 271 2416 ¹Ceterum
291 2349 394 2433 τέχνης
419 2350 514 2411 edidit
532 2351 706 2430 Walpolius,
729 2349 861 2428 itemque
885 2350 1067 2420 Meinekius,
1091 2350 1144 2429 qui
1164 2359 1268 2410 notat:

132 2447 207 2506 “Ita
233 2446 332 2512 Bentl.
355 2469 386 2527 p.
404 2455 469 2507 122.
494 2466 551 2526 pro
577 2445 677 2527 τύχης,
697 2465 796 2506 errore
816 2445 975 2524 frequenti.
1017 2467 1046 2504 v.
1067 2445 1209 2505 Schaefer.
1228 2445 1267 2504 ad

133 2540 260 2620 Dionys.
273 2540 311 2601 de
324 2541 358 2600 C.
369 2542 409 2602 V.
424 2563 456 2620 p.
470 2543 536 2603 61.”
579 2542 708 2601 “Notus
726 2551 771 2601 est
786 2539 836 2600 ille
850 2541 992 2610 senarius,
1006 2538 1135 2602 auctoris
1151 2539 1265 2611 incerti,

131 2637 220 2710 Λιμηλι
239 2637 362 2723 α’τνχίας
380 2637 457 2698 iaetu
475 2637 626 2719 ἀνθρώποις
647 2634 744 2718 τέχνη.
774 2657 826 2696 art
851 2636 1008 2697 hominibus
1030 2645 1072 2696 est
1092 2634 1267 2714 inffelicitaiit

127 2736 256 2812 portus.”
277 2734 402 2792 Banvr..
433 2735 486 2793 ubi
504 2732 635 2814 εὐτυχίας
650 2721 772 2810 prorsus
787 2729 913 2812 ἀμέτρως
934 2730 1149 2802 Schneiderus3
1170 2751 1267 2810 neque

130 2821 258 2908 ᾰμέτρως
274 2837 401 2898 tantum,
429 2827 533 2888 sedet
558 2825 692 2897 ἀνοήτως,
720 2845 789 2886 eum
812 2825 957 2885 sententia
975 2825 1063 2908 plane
1089 2826 1267 2896 essitare

131 2921 288 2982 hominihus
313 2930 356 2982 est
376 2930 487 3002 portus,
514 2942 568 3002 quo
588 2921 618 2981 in
644 2919 774 2979 adversis
795 2919 877 2978 rebus
895 2917 1072 2998 confugiant.
1113 2921 1269 2980 Senarium

131 3018 274 3078 exhibent
292 3019 327 3076 R.
343 3017 445 3097 Steph.
460 3018 583 3076 ΓΝΩΜ.
602 3015 787 3074 ΜΟΝΟΣΤ.
802 3034 832 3093 p.
847 3022 894 3074 20.
922 3013 1037 3074 Hertel.
1051 3035 1081 3096 p.
1097 3023 1162 3076 120.
1188 3016 1266 3082 Mei.

131 3111 200 3175 nek.
213 3132 244 3191 p.
257 3120 326 3173 325.

190 3231 210 3262 ¹⁰
230 3231 330 3292 “Sine
348 3252 437 3292 eausa
458 3233 611 3296 Bentleius
628 3230 734 3307 ἔβαλεν
755 3230 890 3312 ἄγκυραν.
929 3230 1265 3296 Pind.1sthm.V1.,20.

131 3324 252 3402 βάλλετ’
277 3324 399 3408 ἄγκυραν
426 3324 553 3401 θεότιμος
576 3327 654 3386 εἰιῖν.”
695 3328 847 3386 Mnmnn.
887 3325 1001 3386 Herod.
1016 3325 1072 3384 IX.
1087 3333 1138 3393 74.
1165 3322 1267 3406 ἐφόρεε

132 3421 239 3505 χαλκέη
262 3420 343 3481 α’λῦσι
363 3421 502 3497 δεδεμένην
522 3421 644 3504 ἄγκυραν
662 3420 795 3503 σιδηρέην·
819 3421 878 3493 την,
897 3421 965 3480 ὅκως
986 3422 1118 3481 πελάσειε
1139 3420 1272 3480 α’πικνεόι,

131 3544 210 3593 μενος
225 3523 296 3576 πᾶσι
313 3521 480 3592 πολεμίοισι,
492 3515 685 3594 βαλλέσκετο,
700 3545 724 3578 κ.
733 3544 762 3576 τ.
773 3529 800 3576 λ.
836 3515 942 3592 ἔβαλεν
954 3516 1128 3576 Wakefield.
1142 3526 1172 3592 et
1185 3517 1266 3576 Wal-

132 3615 192 3694 pol.
229 3615 277 3675 De
290 3614 391 3677 aoristi
404 3633 461 3674 usu
475 3613 545 3674 vide
558 3613 637 3672 infra
648 3613 687 3672 ad
701 3611 819 3692 Diphili
834 3611 954 3690 Fragor.
968 3630 998 3670 n.
1012 3620 1040 3671 4.

190 3735 209 3768 ¹¹
230 3737 318 3794 εἵνεκα
331 3734 421 3796 etiam
435 3734 500 3794 MS.
510 3733 549 3792 A.
563 3732 648 3812 apud.
658 3731 806 3801 Gaisford.
833 3732 930 3792 οὕνεκα
950 3732 1122 3811 Walpolius.
1163 3733 1266 3812 Vulgo

132 3834 237 3904 εἵνεκεν,
250 3831 333 3910 quod
345 3832 377 3891 in
391 3850 478 3891 soene
493 3831 593 3890 locum
605 3849 666 3892 non
683 3829 792 3890 habere
809 3828 970 3890 declaravit
983 3829 1161 3900 Brunckius,
1176 3850 1267 3908 quem

133 3926 200 3988 vide
223 3926 261 3986 ad
285 3927 393 3986 Gnom.
413 3927 500 3986 ‘Poet
524 3925 578 3984 Gr.
595 3944 625 4004 p.
640 3932 706 3986 345.
746 3922 793 3983 Cf.
815 3934 846 3984 et
867 3923 1053 3984 Glossarium
1075 3933 1215 3990 nostrum,
1232 3926 1268 3994 in

135 4023 365 4086 Hermesianact.
378 4044 406 4082 v.
417 4031 464 4083 30.
502 4029 522 4057 “
532 4023 629 4084 εἵνεκεν
643 4019 779 4080 lonicum
792 4023 863 4080 est.”
897 4021 999 4079 Bunu.
1034 4018 1208 4098 “Suspecta
1221 4034 1265 4083 est

132 4117 204 4184 mihi
230 4119 326 4176 forma
350 4119 447 4177 εἵνεκεν
473 4135 529 4196 pro
552 4114 648 4176 οὕνεκα
674 4115 722 4175 νεὶ
749 4117 837 4174 εἵνεκα
847 4137 857 4184 ;
887 4135 957 4173 nam
980 4113 1036 4172 hac
1058 4113 1147 4173 etiarn
1171 4117 1269 4182 forma,

132 4213 240 4291 passim
261 4233 329 4273 usos
352 4233 415 4272 esse
432 4213 549 4273 Atticos
567 4234 635 4272 vere
656 4211 771 4270 monuit
793 4211 933 4289 Sylburg.
953 4208 991 4268 ad
1009 4209 1133 4269 Pausan.
1154 4233 1183 4290 p.
1198 4223 1268 4282 9344

133 4330 161 4368 a..
181 4309 226 4370 cll.
248 4309 354 4370 Wolfio
375 4309 413 4368 ad
436 4309 590 4371 Demosth.
612 4309 699 4386 Lept.
719 4329 748 4387 p.
767 4316 832 4368 338.
883 4305 956 4364 Vid.
980 4305 1103 4366 'l’irnocl
1126 4307 1265 4370 Athenaei
