2948 5010
455 331 685 382 VERSIONES
712 331 886 382 LATINAE.

83 512 260 573 Furiosum
279 514 305 573 is
324 514 496 574 Alcmaeona
518 514 659 593 proponit
681 515 747 574 sibi.

83 609 212 687 Captus
233 609 301 688 quis
322 609 435 668 oculis?
463 610 570 689 aspicit
596 629 708 670 caecum
729 609 886 689 OEdipum.

84 705 216 765 Gnatus
235 707 329 766 obiit?
370 707 470 766 Niobe
490 707 574 766 dabit
596 707 741 766 solatium.

86 800 232 864 Claudus
254 801 400 880 aliquisne
414 805 478 862 est?
506 802 532 860 is
554 801 751 862 Philoctetam
773 801 887 881 aspicit.

87 895 196 956 Miser
218 897 326 976 aliquis
349 901 457 957 senex?
484 906 586 956 tuetur
607 897 749 956 OEneum.

88 993 233 1053 Alterius
256 995 366 1054 etenim
389 993 526 1072 quisquis
545 1012 692 1052 aerumnas
714 993 772 1052 viri

89 1088 176 1148 Esse
197 1089 348 1166 graviores
372 1089 481 1148 viderit
502 1108 592 1167 quem
615 1087 676 1147 sint
697 1107 768 1157 sua,

91 1185 213 1244 Animo
235 1186 367 1265 aequiore
387 1185 521 1244 miserias
541 1185 618 1244 feret
639 1203 715 1243 suae.

576 1521 746 1532 --...-...-,

414 1801 918 1889 xnuARoHUS.(rnrc)
1025 1763 1031 1771 ’

404 1983 565 2052 ΡωιίαιΙιΙο,
585 1983 644 2042 rive
665 1980 896 2062 Quinquertione.

101 2119 185 2179 Vino
207 2117 370 2178 inscribillo
393 2118 539 2197 quicquid
557 2118 661 2196 jurant
681 2119 808 2178 feminae.

1060 2209 1160 2267 Goon.

106 2329 241 2389 Inscribo
262 2327 341 2397 vino,
366 2328 391 2386 si
413 2349 472 2406 qua
492 2328 575 2405 jurat
594 2327 725 2388 foemina.

1032 2419 1156 2481 Euam.

106 2539 323 2620 Jusjurandum
344 2559 401 2616 ego
423 2539 558 2598 mulieris
585 2538 656 2597 vino
679 2537 818 2600 inscribo.

977 2630 1162 2691 Scuwuron.

588 2859 756 2870 ——m

525 3059 798 3126 MENANDER.

555 3247 787 3334 1.(R1ur

620 3411 722 3469 Incito.

112 3538 143 3598 si
162 3536 229 3616 quis
251 3536 385 3595 Deorum
403 3534 466 3612 jam
489 3533 563 3591 mihi
590 3533 678 3601 dicat,
701 3531 801 3601 Grato,

112 3633 169 3693 Ubi
189 3631 282 3690 vitam
304 3631 421 3689 fructus
444 3628 537 3688 fueris
556 3627 640 3687 vives
663 3627 772 3696 denuo,

113 3730 149 3788 Et
169 3728 221 3788 fies
242 3726 372 3805 quidvis,
398 3724 509 3793 hircus,
533 3732 586 3782 aut
611 3722 701 3792 canis,
725 3722 868 3791 autoris,

113 3826 221 3904 Equus,
247 3822 338 3881 homo
360 3820 504 3898 denique:
531 3839 601 3878 nam
621 3818 819 3878 revivendum
838 3818 893 3878 tibi
917 3828 979 3877 est:

115 3923 157 3982 Ita
174 3922 236 3980 fata
257 3920 394 3980 sciscunt
422 3927 493 3996 opta
515 3935 606 3994 quam
628 3916 721 3976 vitam
745 3914 837 3974 velis:

114 4017 252 4076 Dicturus
273 4015 377 4075 videor
399 4013 489 4082 illico,
514 4012 562 4071 fac
585 4031 633 4070 me
656 4011 807 4089 quidlibet

113 4111 188 4170 Dum
209 4131 247 4170 nc
267 4110 418 4169 hominem
437 4107 537 4166 facias.
564 4126 658 4166 unum
677 4106 710 4166 id
733 4107 916 4166 animantum
939 4105 1071 4166 omnium

117 4208 179 4267 Sine
200 4207 306 4266 merito
327 4206 418 4266 habet
436 4205 587 4264 fortunam
611 4213 663 4263 aut
683 4203 889 4263 infortunium.

116 4304 265 4383 Equorum
285 4313 320 4362 ut
344 4302 469 4381 quisque
488 4301 575 4360 fortis
597 4310 650 4370 est,
678 4300 809 4360 curatius

117 4400 729 4487 rluomm-xnusnouus-ununuonn.]
