<?xml version="1.0" encoding="UTF-8"?>
<!DOCTYPE html PUBLIC "-//W3C//DTD XHTML 1.0 Transitional//EN"
    "http://www.w3.org/TR/xhtml1/DTD/xhtml1-transitional.dtd">
<html xmlns="http://www.w3.org/1999/xhtml" xml:lang="en" lang="en">
 <head>
  <title>
</title>
<meta http-equiv="Content-Type" content="text/html;charset=utf-8" />
  <meta name='ocr-system' content='tesseract 3.04.00' />
  <meta name='ocr-capabilities' content='ocr_page ocr_carea ocr_par ocr_line ocrx_word'/>
</head>
<body>
  <div class='ocr_page' id='page_1' title='image "./comicorumgraeco00bailgoog_0097.png"; bbox 0 0 2990 5010; ppageno 0'>
   <div class='ocr_carea' id='block_1_1' title="bbox 215 331 1184 402">
    <p class='ocr_par' dir='ltr' id='par_1_1' title="bbox 215 331 1184 402">
     <span class='ocr_line' id='line_1_1' title="bbox 215 331 1184 402; baseline -0.004 -10"><span class='ocrx_word' id='word_1_1' title='bbox 215 337 259 402; x_wconf 64' lang='lat' dir='ltr'><strong>8ss</strong></span> <span class='ocrx_word' id='word_1_2' title='bbox 376 340 625 392; x_wconf 72' lang='lat' dir='ltr'><strong>conmonuit</strong></span> <span class='ocrx_word' id='word_1_3' title='bbox 654 331 888 398; x_wconf 70' lang='lat' dir='ltr'><strong>Gttlnoolwtt</strong></span> <span class='ocrx_word' id='word_1_4' title='bbox 916 340 1184 392; x_wconf 72' lang='lat' dir='ltr'><strong>IRAGMENTA.</strong></span> 
     </span>
    </p>
   </div>
   <div class='ocr_carea' id='block_1_2' title="bbox 211 521 1363 2804">
    <p class='ocr_par' dir='ltr' id='par_1_2' title="bbox 211 521 1360 1931">
     <span class='ocr_line' id='line_1_2' title="bbox 222 521 1357 596; baseline -0.002 -12"><span class='ocrx_word' id='word_1_5' title='bbox 222 547 224 554; x_wconf 77' lang='grc'>’</span> <span class='ocrx_word' id='word_1_6' title='bbox 279 526 305 560; x_wconf 75' lang='lat'><strong>&#39;⁸</strong></span> <span class='ocrx_word' id='word_1_7' title='bbox 316 523 592 586; x_wconf 59' lang='grc' dir='ltr'><strong>Ι“(11111881111111611111</strong></span> <span class='ocrx_word' id='word_1_8' title='bbox 605 524 699 584; x_wconf 78' lang='lat' dir='ltr'><strong>videri</strong></span> <span class='ocrx_word' id='word_1_9' title='bbox 712 525 812 595; x_wconf 80' lang='lat' dir='ltr'><strong>debet,</strong></span> <span class='ocrx_word' id='word_1_10' title='bbox 825 534 860 583; x_wconf 80' lang='lat' dir='ltr'><strong>ut</strong></span> <span class='ocrx_word' id='word_1_11' title='bbox 869 525 997 584; x_wconf 83' lang='lat' dir='ltr'><strong>verbum</strong></span> <span class='ocrx_word' id='word_1_12' title='bbox 1008 522 1233 596; x_wconf 79' lang='grc' dir='ltr'>διαλαιμοτομεῖν</span> <span class='ocrx_word' id='word_1_13' title='bbox 1242 521 1357 582; x_wconf 79' lang='lat' dir='ltr'><strong>tomice</strong></span> 
     </span>
     <span class='ocr_line' id='line_1_3' title="bbox 217 617 1356 700; baseline -0.004 -20"><span class='ocrx_word' id='word_1_14' title='bbox 217 621 266 680; x_wconf 80' lang='lat' dir='ltr'><strong>trie</strong></span> <span class='ocrx_word' id='word_1_15' title='bbox 284 618 417 700; x_wconf 77' lang='lat' dir='ltr'><strong>potitum</strong></span> <span class='ocrx_word' id='word_1_16' title='bbox 434 625 607 690; x_wconf 79' lang='lat' dir='ltr'><strong>statuamus,</strong></span> <span class='ocrx_word' id='word_1_17' title='bbox 633 639 688 698; x_wconf 89' lang='lat' dir='ltr'><strong>pro</strong></span> <span class='ocrx_word' id='word_1_18' title='bbox 712 618 777 677; x_wconf 75' lang='grc' dir='ltr'>ποόε</span> <span class='ocrx_word' id='word_1_19' title='bbox 795 618 898 690; x_wconf 78' lang='grc' dir='ltr'>πόμοικ</span> <span class='ocrx_word' id='word_1_20' title='bbox 917 619 1006 696; x_wconf 84' lang='lat' dir='ltr'><strong>(quos</strong></span> <span class='ocrx_word' id='word_1_21' title='bbox 1026 617 1116 676; x_wconf 86' lang='lat' dir='ltr'><strong>modo</strong></span> <span class='ocrx_word' id='word_1_22' title='bbox 1135 617 1356 695; x_wconf 68' lang='lat' dir='ltr'><strong>nominaverat)</strong></span> 
     </span>
     <span class='ocr_line' id='line_1_4' title="bbox 217 712 1357 797; baseline -0.004 -21"><span class='ocrx_word' id='word_1_23' title='bbox 217 716 262 776; x_wconf 78' lang='grc' dir='ltr'><strong>διό</strong></span> <span class='ocrx_word' id='word_1_24' title='bbox 286 715 338 775; x_wconf 78' lang='grc' dir='ltr'><strong>τόν</strong></span> <span class='ocrx_word' id='word_1_25' title='bbox 363 714 461 788; x_wconf 83' lang='grc' dir='ltr'>λαιμόν</span> <span class='ocrx_word' id='word_1_26' title='bbox 488 713 573 788; x_wconf 75' lang='grc' dir='ltr'>όηειι,</span> <span class='ocrx_word' id='word_1_27' title='bbox 589 712 694 792; x_wconf 78' lang='lat' dir='ltr'><strong>frusta</strong></span> <span class='ocrx_word' id='word_1_28' title='bbox 715 713 843 774; x_wconf 81' lang='lat' dir='ltr'><strong>corniton</strong></span> <span class='ocrx_word' id='word_1_29' title='bbox 865 733 921 797; x_wconf 83' lang='lat' dir='ltr'><strong>per</strong></span> <span class='ocrx_word' id='word_1_30' title='bbox 940 713 1041 792; x_wconf 77' lang='lat' dir='ltr'><strong>golam</strong></span> <span class='ocrx_word' id='word_1_31' title='bbox 1064 730 1161 792; x_wconf 76' lang='lat' dir='ltr'><strong>agere,</strong></span> <span class='ocrx_word' id='word_1_32' title='bbox 1183 713 1217 771; x_wconf 90' lang='lat' dir='ltr'><strong>id</strong></span> <span class='ocrx_word' id='word_1_33' title='bbox 1238 719 1285 772; x_wconf 86' lang='lat' dir='ltr'><strong>eat</strong></span> <span class='ocrx_word' id='word_1_34' title='bbox 1307 713 1357 772; x_wconf 86' lang='lat' dir='ltr'><strong>de·</strong></span> 
     </span>
     <span class='ocr_line' id='line_1_5' title="bbox 216 807 1357 892; baseline -0.003 -23"><span class='ocrx_word' id='word_1_35' title='bbox 216 809 353 892; x_wconf 56' lang='lat' dir='ltr'><strong>glutire?</strong></span> <span class='ocrx_word' id='word_1_36' title='bbox 395 811 691 868; x_wconf 75' lang='lat' dir='ltr'><strong>Senwnrannusan.</strong></span> <span class='ocrx_word' id='word_1_37' title='bbox 733 810 854 867; x_wconf 63' lang='lat' dir='ltr'><strong>Duram.</strong></span> <span class='ocrx_word' id='word_1_38' title='bbox 869 827 939 868; x_wconf 86' lang='lat' dir='ltr'><strong>sane</strong></span> <span class='ocrx_word' id='word_1_39' title='bbox 959 807 1174 887; x_wconf 83' lang='lat' dir='ltr'><strong>interpretandi</strong></span> <span class='ocrx_word' id='word_1_40' title='bbox 1200 808 1357 880; x_wconf 84' lang='lat' dir='ltr'><strong>rationem,</strong></span> 
     </span>
     <span class='ocr_line' id='line_1_6' title="bbox 217 903 1360 983; baseline -0.002 -18"><span class='ocrx_word' id='word_1_41' title='bbox 217 917 248 980; x_wconf 83' lang='lat' dir='ltr'><strong>et</strong></span> <span class='ocrx_word' id='word_1_42' title='bbox 262 904 405 982; x_wconf 69' lang='lat' dir='ltr'><strong>analogiae</strong></span> <span class='ocrx_word' id='word_1_43' title='bbox 424 923 546 982; x_wconf 87' lang='lat' dir='ltr'><strong>prorsus</strong></span> <span class='ocrx_word' id='word_1_44' title='bbox 564 903 787 963; x_wconf 70' lang='lat' dir='ltr'><strong>adversantem!</strong></span> <span class='ocrx_word' id='word_1_45' title='bbox 828 905 962 963; x_wconf 87' lang='lat' dir='ltr'>Verbum</span> <span class='ocrx_word' id='word_1_46' title='bbox 980 911 1163 976; x_wconf 79' lang='grc' dir='ltr'>λαιμοτομεΐι</span> <span class='ocrx_word' id='word_1_47' title='bbox 1177 904 1299 983; x_wconf 83' lang='lat' dir='ltr'>proprie</span> <span class='ocrx_word' id='word_1_48' title='bbox 1312 915 1360 963; x_wconf 83' lang='lat' dir='ltr'><strong>eat</strong></span> 
     </span>
     <span class='ocr_line' id='line_1_7' title="bbox 211 997 1357 1080; baseline -0.003 -21"><span class='ocrx_word' id='word_1_49' title='bbox 211 997 502 1080; x_wconf 66' lang='lat' dir='ltr'><strong>jugulumineidere,</strong></span> <span class='ocrx_word' id='word_1_50' title='bbox 520 997 664 1079; x_wconf 74' lang='lat' dir='ltr'><strong>jugulare</strong></span> <span class='ocrx_word' id='word_1_51' title='bbox 670 1021 685 1067; x_wconf 88' lang='lat'><em>;</em></span> <span class='ocrx_word' id='word_1_52' title='bbox 708 1009 740 1058; x_wconf 86' lang='lat' dir='ltr'><strong>at</strong></span> <span class='ocrx_word' id='word_1_53' title='bbox 765 997 989 1072; x_wconf 80' lang='grc' dir='ltr'>διαλοιμοπομεῐι</span> <span class='ocrx_word' id='word_1_54' title='bbox 1010 999 1061 1058; x_wconf 89' lang='lat' dir='ltr'><strong>hie</strong></span> <span class='ocrx_word' id='word_1_55' title='bbox 1079 999 1159 1058; x_wconf 89' lang='lat' dir='ltr'><strong>idem</strong></span> <span class='ocrx_word' id='word_1_56' title='bbox 1185 999 1282 1058; x_wconf 88' lang='lat' dir='ltr'><strong>valere</strong></span> <span class='ocrx_word' id='word_1_57' title='bbox 1310 999 1357 1057; x_wconf 87' lang='lat' dir='ltr'><strong>vi-</strong></span> 
     </span>
     <span class='ocr_line' id='line_1_8' title="bbox 220 1094 1357 1175; baseline 0 -21"><span class='ocrx_word' id='word_1_58' title='bbox 220 1096 308 1156; x_wconf 90' lang='lat' dir='ltr'><strong>detur</strong></span> <span class='ocrx_word' id='word_1_59' title='bbox 334 1116 369 1154; x_wconf 88' lang='lat' dir='ltr'><strong>ac</strong></span> <span class='ocrx_word' id='word_1_60' title='bbox 395 1094 563 1175; x_wconf 82' lang='grc' dir='ltr'>διορπαμεΐν,</span> <span class='ocrx_word' id='word_1_61' title='bbox 589 1094 671 1172; x_wconf 92' lang='lat' dir='ltr'><strong>quod</strong></span> <span class='ocrx_word' id='word_1_62' title='bbox 691 1095 775 1154; x_wconf 82' lang='lat' dir='ltr'><strong>affine</strong></span> <span class='ocrx_word' id='word_1_63' title='bbox 802 1105 833 1153; x_wconf 91' lang='lat' dir='ltr'><strong>et</strong></span> <span class='ocrx_word' id='word_1_64' title='bbox 854 1095 1010 1174; x_wconf 88' lang='lat' dir='ltr'><strong>proprium</strong></span> <span class='ocrx_word' id='word_1_65' title='bbox 1037 1115 1202 1173; x_wconf 87' lang='lat' dir='ltr'><strong>eoquorum</strong></span> <span class='ocrx_word' id='word_1_66' title='bbox 1228 1097 1357 1154; x_wconf 85' lang='lat' dir='ltr'><strong>verbnm</strong></span> 
     </span>
     <span class='ocr_line' id='line_1_9' title="bbox 220 1187 1358 1269; baseline -0.004 -19"><span class='ocrx_word' id='word_1_67' title='bbox 220 1187 288 1260; x_wconf 85' lang='lat' dir='ltr'><strong>fuit,</strong></span> <span class='ocrx_word' id='word_1_68' title='bbox 317 1201 392 1250; x_wconf 86' lang='lat' dir='ltr'><strong>teste</strong></span> <span class='ocrx_word' id='word_1_69' title='bbox 416 1187 599 1259; x_wconf 72' lang='lat' dir='ltr'><strong>casaubono,</strong></span> <span class='ocrx_word' id='word_1_70' title='bbox 622 1189 674 1267; x_wconf 89' lang='lat' dir='ltr'><strong>qui</strong></span> <span class='ocrx_word' id='word_1_71' title='bbox 701 1188 772 1250; x_wconf 83' lang='lat' dir='ltr'><strong>citat</strong></span> <span class='ocrx_word' id='word_1_72' title='bbox 793 1189 869 1248; x_wconf 92' lang='lat' dir='ltr'><strong>illud</strong></span> <span class='ocrx_word' id='word_1_73' title='bbox 895 1189 1115 1250; x_wconf 82' lang='lat' dir='ltr'><strong>Anaxandridae</strong></span> <span class='ocrx_word' id='word_1_74' title='bbox 1136 1190 1218 1269; x_wconf 87' lang='lat' dir='ltr'><strong>apud</strong></span> <span class='ocrx_word' id='word_1_75' title='bbox 1244 1189 1358 1249; x_wconf 80' lang='lat' dir='ltr'><strong>Athen.</strong></span> 
     </span>
     <span class='ocr_line' id='line_1_10' title="bbox 223 1277 1358 1366; baseline 0 -22"><span class='ocrx_word' id='word_1_76' title='bbox 223 1283 259 1343; x_wconf 86' lang='lat' dir='ltr'><strong>X.</strong></span> <span class='ocrx_word' id='word_1_77' title='bbox 273 1305 303 1363; x_wconf 90' lang='lat' dir='ltr'><strong>p.</strong></span> <span class='ocrx_word' id='word_1_78' title='bbox 319 1291 385 1344; x_wconf 82' lang='lat'><strong>455.</strong></span> <span class='ocrx_word' id='word_1_79' title='bbox 400 1277 435 1341; x_wconf 73' lang='lat' dir='ltr'><strong>F.</strong></span> <span class='ocrx_word' id='word_1_80' title='bbox 463 1281 565 1364; x_wconf 78' lang='grc' dir='ltr'>α’ρτΐωε</span> <span class='ocrx_word' id='word_1_81' title='bbox 588 1281 766 1363; x_wconf 72' lang='grc' dir='ltr'>διηρτάμηκε,</span> <span class='ocrx_word' id='word_1_82' title='bbox 787 1283 830 1341; x_wconf 66' lang='grc' dir='ltr'><strong>καὶ</strong></span> <span class='ocrx_word' id='word_1_83' title='bbox 854 1282 894 1342; x_wconf 73' lang='lat' dir='ltr'><strong>ed</strong></span> <span class='ocrx_word' id='word_1_84' title='bbox 912 1282 961 1357; x_wconf 76' lang='lat' dir='ltr'><strong>prin</strong></span> <span class='ocrx_word' id='word_1_85' title='bbox 981 1282 1088 1353; x_wconf 75' lang='grc' dir='ltr'><strong><em>διανεκῆ</em></strong></span> <span class='ocrx_word' id='word_1_86' title='bbox 1108 1283 1112 1361; x_wconf 98' lang='grc' dir='ltr'>Ι</span> <span class='ocrx_word' id='word_1_87' title='bbox 1134 1283 1266 1357; x_wconf 72' lang='lat' dir='ltr'><strong>eriperer</strong></span> <span class='ocrx_word' id='word_1_88' title='bbox 1286 1282 1358 1366; x_wconf 85' lang='grc' dir='ltr'>με’ρη</span> 
     </span>
     <span class='ocr_line' id='line_1_11' title="bbox 222 1373 1359 1458; baseline 0.001 -22"><span class='ocrx_word' id='word_1_89' title='bbox 222 1373 354 1457; x_wconf 77' lang='grc' dir='ltr'>δαμάζετ’</span> <span class='ocrx_word' id='word_1_90' title='bbox 379 1375 407 1444; x_wconf 78' lang='grc' dir='ltr'><strong>ἐν</strong></span> <span class='ocrx_word' id='word_1_91' title='bbox 429 1377 623 1458; x_wconf 77' lang='grc' dir='ltr'>τυρικτόποισι</span> <span class='ocrx_word' id='word_1_92' title='bbox 646 1377 705 1450; x_wconf 69' lang='grc' dir='ltr'><strong>γᾶς.</strong></span> <span class='ocrx_word' id='word_1_93' title='bbox 745 1377 793 1438; x_wconf 83' lang='lat' dir='ltr'><strong>De</strong></span> <span class='ocrx_word' id='word_1_94' title='bbox 816 1398 888 1438; x_wconf 86' lang='lat' dir='ltr'><strong>voce</strong></span> <span class='ocrx_word' id='word_1_95' title='bbox 912 1377 1071 1458; x_wconf 83' lang='grc' dir='ltr'>διαρταμεΐν</span> <span class='ocrx_word' id='word_1_96' title='bbox 1093 1378 1292 1437; x_wconf 82' lang='lat' dir='ltr'><strong>consulendus</strong></span> <span class='ocrx_word' id='word_1_97' title='bbox 1312 1390 1359 1437; x_wconf 77' lang='lat' dir='ltr'><strong>est</strong></span> 
     </span>
     <span class='ocr_line' id='line_1_12' title="bbox 222 1472 1357 1562; baseline 0 -30"><span class='ocrx_word' id='word_1_98' title='bbox 222 1473 387 1532; x_wconf 88' lang='lat' dir='ltr'><strong>Blomlield.</strong></span> <span class='ocrx_word' id='word_1_99' title='bbox 402 1473 530 1532; x_wconf 88' lang='lat' dir='ltr'><strong>Glossar.</strong></span> <span class='ocrx_word' id='word_1_100' title='bbox 545 1474 576 1532; x_wconf 92' lang='lat' dir='ltr'><strong>in</strong></span> <span class='ocrx_word' id='word_1_101' title='bbox 589 1473 688 1534; x_wconf 86' lang='lat' dir='ltr'><strong>AEseh.</strong></span> <span class='ocrx_word' id='word_1_102' title='bbox 702 1472 802 1532; x_wconf 88' lang='lat' dir='ltr'><strong>Prom.</strong></span> <span class='ocrx_word' id='word_1_103' title='bbox 812 1473 851 1532; x_wconf 90' lang='lat' dir='ltr'><strong>V.</strong></span> <span class='ocrx_word' id='word_1_104' title='bbox 864 1482 947 1544; x_wconf 90' lang='lat'><strong>1059.</strong></span> <span class='ocrx_word' id='word_1_105' title='bbox 986 1474 1127 1533; x_wconf 86' lang='lat' dir='ltr'><strong>Similiter</strong></span> <span class='ocrx_word' id='word_1_106' title='bbox 1138 1472 1357 1562; x_wconf 73' lang='grc' dir='ltr'>ἐδενδροτόμησε</span> 
     </span>
     <span class='ocr_line' id='line_1_13' title="bbox 223 1566 1359 1647; baseline 0.002 -21"><span class='ocrx_word' id='word_1_107' title='bbox 223 1567 262 1626; x_wconf 84' lang='grc' dir='ltr'><strong>τό</strong></span> <span class='ocrx_word' id='word_1_108' title='bbox 284 1566 381 1637; x_wconf 72' lang='grc' dir='ltr'>νότον,</span> <span class='ocrx_word' id='word_1_109' title='bbox 401 1573 510 1646; x_wconf 78' lang='lat' dir='ltr'><strong>tergum</strong></span> <span class='ocrx_word' id='word_1_110' title='bbox 533 1568 650 1628; x_wconf 75' lang='lat' dir='ltr'><strong>exscidit</strong></span> <span class='ocrx_word' id='word_1_111' title='bbox 672 1576 698 1626; x_wconf 88' lang='lat' dir='ltr'><strong>et</strong></span> <span class='ocrx_word' id='word_1_112' title='bbox 719 1567 843 1627; x_wconf 82' lang='lat' dir='ltr'><strong>vastavit</strong></span> <span class='ocrx_word' id='word_1_113' title='bbox 861 1567 937 1627; x_wconf 85' lang='lat' dir='ltr'><strong>dixit</strong></span> <span class='ocrx_word' id='word_1_114' title='bbox 957 1567 1108 1647; x_wconf 80' lang='lat' dir='ltr'><strong>Aristoph.</strong></span> <span class='ocrx_word' id='word_1_115' title='bbox 1125 1569 1190 1628; x_wconf 87' lang='lat' dir='ltr'><strong>Pae.</strong></span> <span class='ocrx_word' id='word_1_116' title='bbox 1207 1577 1359 1634; x_wconf 71' lang='grc'><strong>7311111111</strong></span> 
     </span>
     <span class='ocr_line' id='line_1_14' title="bbox 222 1653 1358 1746; baseline 0 -24"><span class='ocrx_word' id='word_1_117' title='bbox 222 1660 407 1745; x_wconf 78' lang='grc' dir='ltr'>δειδροπομέοι</span> <span class='ocrx_word' id='word_1_118' title='bbox 430 1666 550 1744; x_wconf 86' lang='lat' dir='ltr'><strong>proprie</strong></span> <span class='ocrx_word' id='word_1_119' title='bbox 576 1665 615 1724; x_wconf 87' lang='lat' dir='ltr'><strong>sit</strong></span> <span class='ocrx_word' id='word_1_120' title='bbox 637 1653 754 1724; x_wconf 75' lang='lat' dir='ltr'><strong>ardores</strong></span> <span class='ocrx_word' id='word_1_121' title='bbox 778 1662 920 1734; x_wconf 76' lang='lat' dir='ltr'><strong>exscindo,</strong></span> <span class='ocrx_word' id='word_1_122' title='bbox 944 1675 975 1724; x_wconf 88' lang='lat' dir='ltr'><strong>et</strong></span> <span class='ocrx_word' id='word_1_123' title='bbox 1001 1666 1163 1744; x_wconf 73' lang='grc' dir='ltr'>τοξοποιεῖν</span> <span class='ocrx_word' id='word_1_124' title='bbox 1186 1663 1237 1722; x_wconf 67' lang='grc' dir='ltr'>πός</span> <span class='ocrx_word' id='word_1_125' title='bbox 1261 1663 1358 1746; x_wconf 74' lang='grc' dir='ltr'>όφρῦο,</span> 
     </span>
     <span class='ocr_line' id='line_1_15' title="bbox 222 1756 1360 1839; baseline 0.002 -21"><span class='ocrx_word' id='word_1_126' title='bbox 222 1756 375 1839; x_wconf 78' lang='lat' dir='ltr'><strong>mperoilio</strong></span> <span class='ocrx_word' id='word_1_127' title='bbox 396 1760 571 1828; x_wconf 75' lang='lat' dir='ltr'><strong>contrahere,</strong></span> <span class='ocrx_word' id='word_1_128' title='bbox 593 1759 718 1837; x_wconf 85' lang='lat' dir='ltr'><strong>Lysistr.</strong></span> <span class='ocrx_word' id='word_1_129' title='bbox 739 1766 766 1818; x_wconf 87' lang='lat'><strong>8.</strong></span> <span class='ocrx_word' id='word_1_130' title='bbox 786 1779 854 1818; x_wconf 87' lang='lat' dir='ltr'><strong>cum</strong></span> <span class='ocrx_word' id='word_1_131' title='bbox 875 1757 1043 1838; x_wconf 83' lang='grc' dir='ltr'>ποξοποιέο,</span> <span class='ocrx_word' id='word_1_132' title='bbox 1064 1760 1185 1839; x_wconf 91' lang='lat' dir='ltr'><strong>proprie</strong></span> <span class='ocrx_word' id='word_1_133' title='bbox 1208 1760 1247 1820; x_wconf 89' lang='lat' dir='ltr'><strong>sit</strong></span> <span class='ocrx_word' id='word_1_134' title='bbox 1270 1781 1360 1820; x_wconf 77' lang='lat' dir='ltr'><strong>oreas</strong></span> 
     </span>
     <span class='ocr_line' id='line_1_16' title="bbox 224 1851 349 1931; baseline -0.008 -18"><span class='ocrx_word' id='word_1_135' title='bbox 224 1851 349 1931; x_wconf 80' lang='lat' dir='ltr'><strong>conficio.</strong></span> 
     </span>
    </p>

    <p class='ocr_par' dir='ltr' id='par_1_3' title="bbox 222 1963 1363 2804">
     <span class='ocr_line' id='line_1_17' title="bbox 302 1963 1362 2047; baseline -0.002 -20"><span class='ocrx_word' id='word_1_136' title='bbox 302 1966 322 1997; x_wconf 85' lang='lat'><strong>¹⁰</strong></span> <span class='ocrx_word' id='word_1_137' title='bbox 342 1964 549 2027; x_wconf 72' lang='lat' dir='ltr'><strong>“Eustathius</strong></span> <span class='ocrx_word' id='word_1_138' title='bbox 562 1987 591 2045; x_wconf 88' lang='lat' dir='ltr'><strong>p.</strong></span> <span class='ocrx_word' id='word_1_139' title='bbox 607 1973 691 2037; x_wconf 81' lang='lat'><strong>1719,</strong></span> <span class='ocrx_word' id='word_1_140' title='bbox 704 1973 751 2027; x_wconf 75' lang='lat'><strong>43.</strong></span> <span class='ocrx_word' id='word_1_141' title='bbox 772 1965 810 2024; x_wconf 75' lang='grc' dir='ltr'><strong>τό</strong></span> <span class='ocrx_word' id='word_1_142' title='bbox 827 1964 935 2045; x_wconf 73' lang='grc' dir='ltr'>κρατηρ</span> <span class='ocrx_word' id='word_1_143' title='bbox 952 1964 971 2022; x_wconf 88' lang='grc' dir='ltr'><strong>δ’</strong></span> <span class='ocrx_word' id='word_1_144' title='bbox 991 1963 1186 2047; x_wconf 75' lang='grc' dir='ltr'>ἐξερροίβδητ’</span> <span class='ocrx_word' id='word_1_145' title='bbox 1205 1969 1278 2025; x_wconf 75' lang='grc' dir='ltr'>οἴνου</span> <span class='ocrx_word' id='word_1_146' title='bbox 1297 1969 1362 2026; x_wconf 75' lang='lat' dir='ltr'><strong>&#39;icor</strong></span> 
     </span>
     <span class='ocr_line' id='line_1_18' title="bbox 223 2055 1360 2140; baseline 0.004 -23"><span class='ocrx_word' id='word_1_147' title='bbox 223 2055 433 2140; x_wconf 71' lang='grc' dir='ltr'>τηῖἕξηντλήθη</span> <span class='ocrx_word' id='word_1_148' title='bbox 451 2059 494 2118; x_wconf 66' lang='grc' dir='ltr'><strong>καὶ</strong></span> <span class='ocrx_word' id='word_1_149' title='bbox 510 2055 565 2140; x_wconf 79' lang='grc' dir='ltr'><strong>ἔξω</strong></span> <span class='ocrx_word' id='word_1_150' title='bbox 579 2060 659 2117; x_wconf 72' lang='lat' dir='ltr'><strong>nidor</strong></span> <span class='ocrx_word' id='word_1_151' title='bbox 675 2058 792 2138; x_wconf 75' lang='grc' dir='ltr'><strong>ἐφάνη.”</strong></span> <span class='ocrx_word' id='word_1_152' title='bbox 831 2059 992 2119; x_wconf 78' lang='lat' dir='ltr'><strong>Dmnons.</strong></span> <span class='ocrx_word' id='word_1_153' title='bbox 1031 2061 1147 2120; x_wconf 85' lang='lat' dir='ltr'><strong>Locum</strong></span> <span class='ocrx_word' id='word_1_154' title='bbox 1160 2059 1263 2121; x_wconf 80' lang='lat' dir='ltr'><strong>citavit</strong></span> <span class='ocrx_word' id='word_1_155' title='bbox 1283 2061 1360 2121; x_wconf 83' lang='lat' dir='ltr'><strong>Por·</strong></span> 
     </span>
     <span class='ocr_line' id='line_1_19' title="bbox 224 2151 1360 2236; baseline 0.002 -23"><span class='ocrx_word' id='word_1_156' title='bbox 224 2173 313 2213; x_wconf 80' lang='lat' dir='ltr'><strong>sonus</strong></span> <span class='ocrx_word' id='word_1_157' title='bbox 322 2155 448 2214; x_wconf 83' lang='lat' dir='ltr'><strong>Advers.</strong></span> <span class='ocrx_word' id='word_1_158' title='bbox 462 2173 493 2233; x_wconf 87' lang='lat' dir='ltr'><strong>p.</strong></span> <span class='ocrx_word' id='word_1_159' title='bbox 509 2162 572 2214; x_wconf 79' lang='lat'><strong>114.</strong></span> <span class='ocrx_word' id='word_1_160' title='bbox 605 2154 700 2214; x_wconf 89' lang='lat' dir='ltr'><strong>Voces</strong></span> <span class='ocrx_word' id='word_1_161' title='bbox 714 2151 1031 2236; x_wconf 76' lang='grc' dir='ltr'>κροπιὶρὲξεῤῥοίβδηπ’</span> <span class='ocrx_word' id='word_1_162' title='bbox 1042 2155 1114 2212; x_wconf 74' lang='grc' dir='ltr'>οἴνου</span> <span class='ocrx_word' id='word_1_163' title='bbox 1125 2165 1207 2215; x_wconf 87' lang='lat' dir='ltr'><strong>verte</strong></span> <span class='ocrx_word' id='word_1_164' title='bbox 1215 2157 1360 2235; x_wconf 82' lang='lat' dir='ltr'><strong>Anglioe:</strong></span> 
     </span>
     <span class='ocr_line' id='line_1_20' title="bbox 224 2247 1361 2331; baseline 0.004 -22"><span class='ocrx_word' id='word_1_165' title='bbox 224 2247 336 2310; x_wconf 78' lang='lat' dir='ltr'><strong>obmol</strong></span> <span class='ocrx_word' id='word_1_166' title='bbox 353 2249 392 2330; x_wconf 69' lang='lat' dir='ltr'><strong>‘ff</strong></span> <span class='ocrx_word' id='word_1_167' title='bbox 406 2248 477 2310; x_wconf 79' lang='lat' dir='ltr'><strong>mine</strong></span> <span class='ocrx_word' id='word_1_168' title='bbox 499 2247 526 2308; x_wconf 82' lang='lat' dir='ltr'><strong>ie</strong></span> <span class='ocrx_word' id='word_1_169' title='bbox 547 2250 649 2308; x_wconf 82' lang='lat' dir='ltr'><strong>drawn</strong></span> <span class='ocrx_word' id='word_1_170' title='bbox 665 2249 750 2330; x_wconf 75' lang='lat' dir='ltr'><strong>fiam</strong></span> <span class='ocrx_word' id='word_1_171' title='bbox 771 2249 818 2308; x_wconf 81' lang='lat' dir='ltr'><strong>tie</strong></span> <span class='ocrx_word' id='word_1_172' title='bbox 839 2250 917 2308; x_wconf 82' lang='lat' dir='ltr'><strong>coele.</strong></span> <span class='ocrx_word' id='word_1_173' title='bbox 965 2250 1064 2324; x_wconf 85' lang='lat' dir='ltr'><strong>Quam</strong></span> <span class='ocrx_word' id='word_1_174' title='bbox 1084 2251 1361 2331; x_wconf 83' lang='lat' dir='ltr'><strong>interpretationem</strong></span> 
     </span>
     <span class='ocr_line' id='line_1_21' title="bbox 222 2343 1363 2429; baseline 0 -23"><span class='ocrx_word' id='word_1_175' title='bbox 222 2365 325 2408; x_wconf 72' lang='lat' dir='ltr'><strong>reram</strong></span> <span class='ocrx_word' id='word_1_176' title='bbox 350 2365 424 2417; x_wconf 85' lang='lat' dir='ltr'><strong>esse,</strong></span> <span class='ocrx_word' id='word_1_177' title='bbox 451 2343 612 2404; x_wconf 88' lang='lat' dir='ltr'><strong>ostendunt</strong></span> <span class='ocrx_word' id='word_1_178' title='bbox 639 2365 706 2422; x_wconf 80' lang='lat' dir='ltr'><strong>qnae</strong></span> <span class='ocrx_word' id='word_1_179' title='bbox 731 2344 868 2423; x_wconf 87' lang='lat' dir='ltr'><strong>protinus</strong></span> <span class='ocrx_word' id='word_1_180' title='bbox 895 2353 1070 2422; x_wconf 87' lang='lat' dir='ltr'><strong>sequuntur,</strong></span> <span class='ocrx_word' id='word_1_181' title='bbox 1097 2343 1236 2427; x_wconf 75' lang='grc' dir='ltr'>πρόποοιε</span> <span class='ocrx_word' id='word_1_182' title='bbox 1262 2355 1363 2429; x_wconf 66' lang='grc' dir='ltr'>χωρεῖ,</span> 
     </span>
     <span class='ocr_line' id='line_1_22' title="bbox 225 2437 1362 2522; baseline 0.002 -23"><span class='ocrx_word' id='word_1_183' title='bbox 225 2439 315 2518; x_wconf 81' lang='lat' dir='ltr'><strong>Angl.</strong></span> <span class='ocrx_word' id='word_1_184' title='bbox 335 2438 386 2498; x_wconf 86' lang='lat' dir='ltr'><strong>the</strong></span> <span class='ocrx_word' id='word_1_185' title='bbox 412 2445 500 2497; x_wconf 81' lang='lat' dir='ltr'><strong>toaete</strong></span> <span class='ocrx_word' id='word_1_186' title='bbox 520 2459 572 2498; x_wconf 86' lang='lat' dir='ltr'><strong>ore</strong></span> <span class='ocrx_word' id='word_1_187' title='bbox 591 2437 680 2518; x_wconf 80' lang='lat' dir='ltr'><strong>going</strong></span> <span class='ocrx_word' id='word_1_188' title='bbox 703 2439 802 2497; x_wconf 82' lang='lat' dir='ltr'><strong>round.</strong></span> <span class='ocrx_word' id='word_1_189' title='bbox 847 2439 927 2498; x_wconf 85' lang='lat' dir='ltr'><strong>Male</strong></span> <span class='ocrx_word' id='word_1_190' title='bbox 953 2439 1047 2516; x_wconf 77' lang='lat' dir='ltr'><strong>igitur</strong></span> <span class='ocrx_word' id='word_1_191' title='bbox 1069 2440 1159 2499; x_wconf 88' lang='lat' dir='ltr'><strong>vertit</strong></span> <span class='ocrx_word' id='word_1_192' title='bbox 1185 2441 1362 2522; x_wconf 73' lang='lat' dir='ltr'><strong>Schweigh-</strong></span> 
     </span>
     <span class='ocr_line' id='line_1_23' title="bbox 225 2533 1362 2616; baseline 0.003 -22"><span class='ocrx_word' id='word_1_193' title='bbox 225 2553 371 2595; x_wconf 79' lang='lat' dir='ltr'><strong>oeuserus:</strong></span> <span class='ocrx_word' id='word_1_194' title='bbox 393 2533 454 2593; x_wconf 82' lang='lat' dir='ltr'><strong>vini</strong></span> <span class='ocrx_word' id='word_1_195' title='bbox 466 2541 603 2594; x_wconf 84' lang='lat' dir='ltr'><strong>craterem</strong></span> <span class='ocrx_word' id='word_1_196' title='bbox 607 2536 676 2614; x_wconf 83' lang='lat' dir='ltr'><strong>jam</strong></span> <span class='ocrx_word' id='word_1_197' title='bbox 688 2535 755 2593; x_wconf 82' lang='lat' dir='ltr'><strong>dum</strong></span> <span class='ocrx_word' id='word_1_198' title='bbox 769 2535 954 2610; x_wconf 71' lang='lat' dir='ltr'><strong>exhortatam:</strong></span> <span class='ocrx_word' id='word_1_199' title='bbox 973 2535 1126 2614; x_wconf 81' lang='lat' dir='ltr'><strong>procedere</strong></span> <span class='ocrx_word' id='word_1_200' title='bbox 1136 2545 1244 2616; x_wconf 73' lang='lat' dir='ltr'><strong>potum</strong></span> <span class='ocrx_word' id='word_1_201' title='bbox 1281 2539 1362 2598; x_wconf 87' lang='lat' dir='ltr'><strong>Nam</strong></span> 
     </span>
     <span class='ocr_line' id='line_1_24' title="bbox 225 2625 1363 2712; baseline 0.007 -26"><span class='ocrx_word' id='word_1_202' title='bbox 225 2629 249 2687; x_wconf 89' lang='lat' dir='ltr'><strong>ai</strong></span> <span class='ocrx_word' id='word_1_203' title='bbox 269 2627 330 2687; x_wconf 85' lang='lat' dir='ltr'><strong>vini</strong></span> <span class='ocrx_word' id='word_1_204' title='bbox 348 2637 442 2688; x_wconf 83' lang='lat' dir='ltr'><strong>crater</strong></span> <span class='ocrx_word' id='word_1_205' title='bbox 460 2627 620 2689; x_wconf 81' lang='lat' dir='ltr'><strong>exhaustus</strong></span> <span class='ocrx_word' id='word_1_206' title='bbox 640 2629 741 2696; x_wconf 83' lang='lat' dir='ltr'><strong>fuerit,</strong></span> <span class='ocrx_word' id='word_1_207' title='bbox 761 2625 823 2706; x_wconf 92' lang='lat' dir='ltr'><strong>qui,</strong></span> <span class='ocrx_word' id='word_1_208' title='bbox 846 2649 956 2707; x_wconf 83' lang='lat' dir='ltr'><strong>quaeso,</strong></span> <span class='ocrx_word' id='word_1_209' title='bbox 975 2628 1037 2688; x_wconf 88' lang='lat' dir='ltr'><strong>lieri</strong></span> <span class='ocrx_word' id='word_1_210' title='bbox 1057 2631 1198 2708; x_wconf 87' lang='lat' dir='ltr'><strong>potuerit,</strong></span> <span class='ocrx_word' id='word_1_211' title='bbox 1216 2643 1251 2691; x_wconf 92' lang='lat' dir='ltr'><strong>ut</strong></span> <span class='ocrx_word' id='word_1_212' title='bbox 1269 2643 1363 2712; x_wconf 84' lang='lat' dir='ltr'><strong>potus</strong></span> 
     </span>
     <span class='ocr_line' id='line_1_25' title="bbox 224 2724 418 2804; baseline 0.005 -22"><span class='ocrx_word' id='word_1_213' title='bbox 224 2724 418 2804; x_wconf 82' lang='lat' dir='ltr'><strong>procederet?</strong></span> 
     </span>
    </p>
   </div>
   <div class='ocr_carea' id='block_1_3' title="bbox 224 2852 1366 4168">
    <p class='ocr_par' dir='ltr' id='par_1_4' title="bbox 224 2852 1366 4168">
     <span class='ocr_line' id='line_1_26' title="bbox 303 2852 1363 2940; baseline 0.005 -31"><span class='ocrx_word' id='word_1_214' title='bbox 303 2852 321 2883; x_wconf 91' lang='lat'><strong>¹¹</strong></span> <span class='ocrx_word' id='word_1_215' title='bbox 343 2857 362 2888; x_wconf 90' lang='lat'><em>“</em></span> <span class='ocrx_word' id='word_1_216' title='bbox 369 2853 495 2911; x_wconf 75' lang='grc' dir='ltr'>λείπεται</span> <span class='ocrx_word' id='word_1_217' title='bbox 508 2864 560 2912; x_wconf 83' lang='lat' dir='ltr'><strong>aut</strong></span> <span class='ocrx_word' id='word_1_218' title='bbox 573 2865 756 2932; x_wconf 87' lang='lat' dir='ltr'><strong>corruptum,</strong></span> <span class='ocrx_word' id='word_1_219' title='bbox 768 2864 820 2912; x_wconf 88' lang='lat' dir='ltr'><strong>aut</strong></span> <span class='ocrx_word' id='word_1_220' title='bbox 832 2854 1084 2932; x_wconf 84' lang='lat' dir='ltr'><strong>transponendum</strong></span> <span class='ocrx_word' id='word_1_221' title='bbox 1095 2853 1233 2935; x_wconf 68' lang='grc' dir='ltr'>πρόποσις</span> <span class='ocrx_word' id='word_1_222' title='bbox 1246 2863 1344 2939; x_wconf 73' lang='grc' dir='ltr'>χερεῖ·</span> <span class='ocrx_word' id='word_1_223' title='bbox 1357 2861 1363 2940; x_wconf 88' lang='grc' dir='ltr'>Ι</span> 
     </span>
     <span class='ocr_line' id='line_1_27' title="bbox 225 2941 1366 3039; baseline 0.006 -35"><span class='ocrx_word' id='word_1_224' title='bbox 225 2941 332 3027; x_wconf 77' lang='grc' dir='ltr'>κόρδαξ</span> <span class='ocrx_word' id='word_1_225' title='bbox 352 2949 488 3006; x_wconf 79' lang='grc' dir='ltr'>λείπεται.</span> <span class='ocrx_word' id='word_1_226' title='bbox 510 2946 708 3006; x_wconf 81' lang='grc' dir='ltr'>α’κολασταίνει</span> <span class='ocrx_word' id='word_1_227' title='bbox 730 2945 735 3028; x_wconf 95' lang='grc' dir='ltr'>Ι</span> <span class='ocrx_word' id='word_1_228' title='bbox 756 2949 814 3007; x_wconf 72' lang='lat' dir='ltr'><strong>voris</strong></span> <span class='ocrx_word' id='word_1_229' title='bbox 836 2949 1006 3030; x_wconf 75' lang='grc' dir='ltr'>μειρακίοιν.”</span> <span class='ocrx_word' id='word_1_230' title='bbox 1040 2950 1203 3039; x_wconf 69' lang='lat' dir='ltr'><strong>Dlrtnottlt.</strong></span> <span class='ocrx_word' id='word_1_231' title='bbox 1234 2951 1366 3036; x_wconf 83' lang='grc' dir='ltr'>σκόρδαξ</span> 
     </span>
     <span class='ocr_line' id='line_1_28' title="bbox 225 3041 1362 3126; baseline 0.005 -24"><span class='ocrx_word' id='word_1_232' title='bbox 225 3041 281 3122; x_wconf 78' lang='lat' dir='ltr'><strong>(sic</strong></span> <span class='ocrx_word' id='word_1_233' title='bbox 300 3041 380 3113; x_wconf 80' lang='lat' dir='ltr'><strong>libri,</strong></span> <span class='ocrx_word' id='word_1_234' title='bbox 399 3061 469 3102; x_wconf 86' lang='lat' dir='ltr'><strong>cum</strong></span> <span class='ocrx_word' id='word_1_235' title='bbox 486 3043 549 3102; x_wconf 88' lang='lat' dir='ltr'><strong>MS.</strong></span> <span class='ocrx_word' id='word_1_236' title='bbox 567 3043 597 3101; x_wconf 84' lang='lat' dir='ltr'><strong>P.</strong></span> <span class='ocrx_word' id='word_1_237' title='bbox 629 3041 738 3125; x_wconf 84' lang='grc' dir='ltr'>κόρδαξ</span> <span class='ocrx_word' id='word_1_238' title='bbox 756 3043 846 3103; x_wconf 83' lang='lat' dir='ltr'><strong>MSS.</strong></span> <span class='ocrx_word' id='word_1_239' title='bbox 861 3043 895 3102; x_wconf 88' lang='lat' dir='ltr'><strong>B.</strong></span> <span class='ocrx_word' id='word_1_240' title='bbox 912 3042 959 3124; x_wconf 81' lang='lat' dir='ltr'><strong>C.)</strong></span> <span class='ocrx_word' id='word_1_241' title='bbox 980 3049 1117 3114; x_wconf 73' lang='grc' dir='ltr'>λείπεται,</span> <span class='ocrx_word' id='word_1_242' title='bbox 1139 3044 1145 3126; x_wconf 93' lang='grc' dir='ltr'>Ι</span> <span class='ocrx_word' id='word_1_243' title='bbox 1164 3046 1247 3104; x_wconf 85' lang='grc' dir='ltr'>α’κολ.</span> <span class='ocrx_word' id='word_1_244' title='bbox 1271 3048 1362 3108; x_wconf 79' lang='lat' dir='ltr'><strong>etim</strong></span> 
     </span>
     <span class='ocr_line' id='line_1_29' title="bbox 225 3138 1363 3219; baseline 0.004 -20"><span class='ocrx_word' id='word_1_245' title='bbox 225 3139 382 3208; x_wconf 76' lang='lat' dir='ltr'><strong>lior-elius,</strong></span> <span class='ocrx_word' id='word_1_246' title='bbox 398 3138 446 3199; x_wconf 87' lang='lat' dir='ltr'><strong>eui</strong></span> <span class='ocrx_word' id='word_1_247' title='bbox 465 3149 537 3199; x_wconf 91' lang='lat' dir='ltr'><strong>nota</strong></span> <span class='ocrx_word' id='word_1_248' title='bbox 552 3139 676 3198; x_wconf 82' lang='lat' dir='ltr'><strong>fortasse</strong></span> <span class='ocrx_word' id='word_1_249' title='bbox 697 3139 857 3219; x_wconf 83' lang='lat' dir='ltr'><strong>synapheae</strong></span> <span class='ocrx_word' id='word_1_250' title='bbox 875 3149 981 3199; x_wconf 88' lang='lat' dir='ltr'><strong>natura</strong></span> <span class='ocrx_word' id='word_1_251' title='bbox 999 3141 1058 3200; x_wconf 81' lang='lat' dir='ltr'><strong>tuit</strong></span> <span class='ocrx_word' id='word_1_252' title='bbox 1078 3161 1114 3200; x_wconf 81' lang='lat' dir='ltr'><strong>ea</strong></span> <span class='ocrx_word' id='word_1_253' title='bbox 1134 3142 1257 3202; x_wconf 87' lang='lat' dir='ltr'><strong>Nicolao</strong></span> <span class='ocrx_word' id='word_1_254' title='bbox 1277 3143 1363 3202; x_wconf 89' lang='lat' dir='ltr'><strong>Bris-</strong></span> 
     </span>
     <span class='ocr_line' id='line_1_30' title="bbox 225 3231 1363 3310; baseline 0.004 -16"><span class='ocrx_word' id='word_1_255' title='bbox 225 3255 284 3295; x_wconf 80' lang='lat' dir='ltr'><strong>eaeo</strong></span> <span class='ocrx_word' id='word_1_256' title='bbox 305 3231 526 3303; x_wconf 84' lang='lat' dir='ltr'><strong>Montivillario,</strong></span> <span class='ocrx_word' id='word_1_257' title='bbox 547 3233 719 3293; x_wconf 87' lang='lat' dir='ltr'><strong>Terentiani</strong></span> <span class='ocrx_word' id='word_1_258' title='bbox 738 3233 839 3294; x_wconf 88' lang='lat' dir='ltr'><strong>Mauri</strong></span> <span class='ocrx_word' id='word_1_259' title='bbox 863 3246 1092 3296; x_wconf 81' lang='lat' dir='ltr'><strong>commentatore</strong></span> <span class='ocrx_word' id='word_1_260' title='bbox 1112 3247 1143 3296; x_wconf 88' lang='lat' dir='ltr'><strong>et</strong></span> <span class='ocrx_word' id='word_1_261' title='bbox 1162 3235 1363 3310; x_wconf 85' lang='lat' dir='ltr'><strong>emendatore,</strong></span> 
     </span>
     <span class='ocr_line' id='line_1_31' title="bbox 225 3328 1361 3410; baseline 0.002 -20"><span class='ocrx_word' id='word_1_262' title='bbox 225 3329 312 3410; x_wconf 80' lang='lat' dir='ltr'><strong>enjus</strong></span> <span class='ocrx_word' id='word_1_263' title='bbox 328 3347 404 3408; x_wconf 88' lang='lat' dir='ltr'><strong>opus</strong></span> <span class='ocrx_word' id='word_1_264' title='bbox 425 3328 603 3408; x_wconf 87' lang='lat' dir='ltr'><strong>impressum</strong></span> <span class='ocrx_word' id='word_1_265' title='bbox 622 3339 668 3388; x_wconf 88' lang='lat' dir='ltr'><strong>est</strong></span> <span class='ocrx_word' id='word_1_266' title='bbox 681 3329 800 3389; x_wconf 81' lang='lat' dir='ltr'><strong>Parisiis</strong></span> <span class='ocrx_word' id='word_1_267' title='bbox 818 3329 900 3409; x_wconf 89' lang='lat' dir='ltr'><strong>apud</strong></span> <span class='ocrx_word' id='word_1_268' title='bbox 922 3329 1072 3391; x_wconf 88' lang='lat' dir='ltr'><strong>Simonem</strong></span> <span class='ocrx_word' id='word_1_269' title='bbox 1090 3332 1255 3392; x_wconf 83' lang='lat' dir='ltr'><strong>Colinaeurn</strong></span> <span class='ocrx_word' id='word_1_270' title='bbox 1268 3334 1306 3394; x_wconf 78' lang='lat' dir='ltr'><strong>A.</strong></span> <span class='ocrx_word' id='word_1_271' title='bbox 1320 3333 1361 3392; x_wconf 85' lang='lat' dir='ltr'><strong>D.</strong></span> 
     </span>
     <span class='ocr_line' id='line_1_32' title="bbox 228 3422 1362 3505; baseline 0.009 -27"><span class='ocrx_word' id='word_1_272' title='bbox 228 3429 312 3486; x_wconf 77' lang='lat'><strong>1531.</strong></span> <span class='ocrx_word' id='word_1_273' title='bbox 339 3422 417 3482; x_wconf 85' lang='lat' dir='ltr'><strong>Vide</strong></span> <span class='ocrx_word' id='word_1_274' title='bbox 431 3423 517 3482; x_wconf 76' lang='lat' dir='ltr'><strong>Face.</strong></span> <span class='ocrx_word' id='word_1_275' title='bbox 532 3433 562 3482; x_wconf 93' lang='lat' dir='ltr'><strong>et</strong></span> <span class='ocrx_word' id='word_1_276' title='bbox 576 3423 663 3483; x_wconf 83' lang='lat' dir='ltr'><strong>Foro.</strong></span> <span class='ocrx_word' id='word_1_277' title='bbox 673 3423 744 3483; x_wconf 86' lang='lat' dir='ltr'><strong>Lex.</strong></span> <span class='ocrx_word' id='word_1_278' title='bbox 758 3423 805 3482; x_wconf 84' lang='lat' dir='ltr'><strong>ed.</strong></span> <span class='ocrx_word' id='word_1_279' title='bbox 816 3424 916 3484; x_wconf 81' lang='lat' dir='ltr'><strong>Lond.</strong></span> <span class='ocrx_word' id='word_1_280' title='bbox 924 3425 956 3484; x_wconf 91' lang='lat' dir='ltr'><strong>in</strong></span> <span class='ocrx_word' id='word_1_281' title='bbox 967 3425 1158 3505; x_wconf 75' lang='lat' dir='ltr'><strong>deopertum</strong></span> <span class='ocrx_word' id='word_1_282' title='bbox 1189 3427 1362 3498; x_wconf 65' lang='lat' dir='ltr'><strong>Moralium,</strong></span> 
     </span>
     <span class='ocr_line' id='line_1_33' title="bbox 224 3517 1362 3602; baseline 0.004 -23"><span class='ocrx_word' id='word_1_283' title='bbox 224 3537 307 3580; x_wconf 86' lang='lat' dir='ltr'><strong>more</strong></span> <span class='ocrx_word' id='word_1_284' title='bbox 329 3539 393 3590; x_wconf 81' lang='lat' dir='ltr'><strong>auo,</strong></span> <span class='ocrx_word' id='word_1_285' title='bbox 415 3518 571 3599; x_wconf 76' lang='lat' dir='ltr'><strong>exscripsit</strong></span> <span class='ocrx_word' id='word_1_286' title='bbox 591 3517 751 3580; x_wconf 81' lang='lat' dir='ltr'><strong>lierteliua.</strong></span> <span class='ocrx_word' id='word_1_287' title='bbox 785 3529 806 3556; x_wconf 90' lang='lat'><strong>“</strong></span> <span class='ocrx_word' id='word_1_288' title='bbox 815 3517 932 3580; x_wconf 78' lang='grc' dir='ltr'>λέπεται</span> <span class='ocrx_word' id='word_1_289' title='bbox 955 3519 1089 3602; x_wconf 82' lang='grc' dir='ltr'>σκόρδαξ,</span> <span class='ocrx_word' id='word_1_290' title='bbox 1108 3523 1139 3581; x_wconf 91' lang='lat' dir='ltr'><strong>ni</strong></span> <span class='ocrx_word' id='word_1_291' title='bbox 1159 3523 1245 3584; x_wconf 80' lang='lat' dir='ltr'><strong>valde</strong></span> <span class='ocrx_word' id='word_1_292' title='bbox 1264 3523 1362 3594; x_wconf 76' lang='lat' dir='ltr'><strong>fallor,</strong></span> 
     </span>
     <span class='ocr_line' id='line_1_34' title="bbox 225 3615 1363 3681; baseline 0.004 -5"><span class='ocrx_word' id='word_1_293' title='bbox 225 3615 335 3678; x_wconf 83' lang='lat' dir='ltr'><strong>alieubi</strong></span> <span class='ocrx_word' id='word_1_294' title='bbox 363 3615 538 3676; x_wconf 86' lang='lat' dir='ltr'><strong>Porsonns.”</strong></span> <span class='ocrx_word' id='word_1_295' title='bbox 577 3615 678 3676; x_wconf 71' lang='lat' dir='ltr'><strong>Deam</strong></span> <span class='ocrx_word' id='word_1_296' title='bbox 717 3617 799 3677; x_wconf 86' lang='lat' dir='ltr'><strong>Ante</strong></span> <span class='ocrx_word' id='word_1_297' title='bbox 828 3617 992 3676; x_wconf 78' lang='lat' dir='ltr'><strong>Personam</strong></span> <span class='ocrx_word' id='word_1_298' title='bbox 1019 3617 1119 3678; x_wconf 86' lang='lat' dir='ltr'><strong>omnia</strong></span> <span class='ocrx_word' id='word_1_299' title='bbox 1148 3618 1200 3680; x_wconf 88' lang='lat' dir='ltr'><strong>hie</strong></span> <span class='ocrx_word' id='word_1_300' title='bbox 1230 3621 1363 3681; x_wconf 83' lang='lat' dir='ltr'><strong>tenebris</strong></span> 
     </span>
     <span class='ocr_line' id='line_1_35' title="bbox 224 3710 1361 3794; baseline 0.005 -26"><span class='ocrx_word' id='word_1_301' title='bbox 224 3710 320 3771; x_wconf 86' lang='lat' dir='ltr'><strong>obsita</strong></span> <span class='ocrx_word' id='word_1_302' title='bbox 342 3723 420 3769; x_wconf 86' lang='lat' dir='ltr'><strong>aunt.</strong></span> <span class='ocrx_word' id='word_1_303' title='bbox 471 3710 584 3769; x_wconf 85' lang='lat' dir='ltr'><strong>Locum</strong></span> <span class='ocrx_word' id='word_1_304' title='bbox 610 3711 659 3770; x_wconf 87' lang='lat' dir='ltr'><strong>vel</strong></span> <span class='ocrx_word' id='word_1_305' title='bbox 685 3710 812 3790; x_wconf 74' lang='lat' dir='ltr'><strong>amplius</strong></span> <span class='ocrx_word' id='word_1_306' title='bbox 838 3710 999 3772; x_wconf 85' lang='lat' dir='ltr'><strong>illustrabit</strong></span> <span class='ocrx_word' id='word_1_307' title='bbox 1020 3712 1125 3774; x_wconf 82' lang='lat' dir='ltr'><strong>Alexis</strong></span> <span class='ocrx_word' id='word_1_308' title='bbox 1145 3714 1228 3794; x_wconf 85' lang='lat' dir='ltr'><strong>apud</strong></span> <span class='ocrx_word' id='word_1_309' title='bbox 1251 3715 1361 3776; x_wconf 80' lang='lat' dir='ltr'><strong>Athen.</strong></span> 
     </span>
     <span class='ocr_line' id='line_1_36' title="bbox 228 3802 1362 3892; baseline 0.004 -28"><span class='ocrx_word' id='word_1_310' title='bbox 228 3805 312 3864; x_wconf 83' lang='lat' dir='ltr'><strong>XIV.</strong></span> <span class='ocrx_word' id='word_1_311' title='bbox 325 3824 355 3884; x_wconf 86' lang='lat' dir='ltr'><strong>p.</strong></span> <span class='ocrx_word' id='word_1_312' title='bbox 370 3803 438 3866; x_wconf 76' lang='lat'><strong>66³.</strong></span> <span class='ocrx_word' id='word_1_313' title='bbox 452 3803 485 3862; x_wconf 76' lang='lat' dir='ltr'><strong>(l.</strong></span> <span class='ocrx_word' id='word_1_314' title='bbox 502 3804 539 3862; x_wconf 89' lang='lat' dir='ltr'><strong>D.</strong></span> <span class='ocrx_word' id='word_1_315' title='bbox 573 3802 691 3880; x_wconf 70' lang='grc' dir='ltr'><strong>τοῦψον</strong></span> <span class='ocrx_word' id='word_1_316' title='bbox 709 3805 853 3882; x_wconf 79' lang='grc' dir='ltr'>λαβοῦσαι</span> <span class='ocrx_word' id='word_1_317' title='bbox 874 3805 965 3864; x_wconf 75' lang='grc' dir='ltr'>τοῦτο</span> <span class='ocrx_word' id='word_1_318' title='bbox 984 3807 1217 3882; x_wconf 74' lang='grc' dir='ltr'>πᾶπεσταλμένον</span> <span class='ocrx_word' id='word_1_319' title='bbox 1237 3809 1243 3892; x_wconf 93' lang='grc' dir='ltr'>Ι</span> <span class='ocrx_word' id='word_1_320' title='bbox 1264 3809 1362 3869; x_wconf 67' lang='grc' dir='ltr'>σκαιό-</span> 
     </span>
     <span class='ocr_line' id='line_1_37' title="bbox 227 3897 1362 3984; baseline 0.004 -27"><span class='ocrx_word' id='word_1_321' title='bbox 227 3899 295 3982; x_wconf 77' lang='grc' dir='ltr'>ζετ’,</span> <span class='ocrx_word' id='word_1_322' title='bbox 306 3899 467 3980; x_wconf 73' lang='grc' dir='ltr'>εὖυχεῖσθε,</span> <span class='ocrx_word' id='word_1_323' title='bbox 478 3897 631 3979; x_wconf 69' lang='grc' dir='ltr'>προπόσεις</span> <span class='ocrx_word' id='word_1_324' title='bbox 641 3905 744 3974; x_wconf 72' lang='grc' dir='ltr'>πίνετε,</span> <span class='ocrx_word' id='word_1_325' title='bbox 756 3901 762 3982; x_wconf 94' lang='grc' dir='ltr'>Ι</span> <span class='ocrx_word' id='word_1_326' title='bbox 773 3897 902 3972; x_wconf 72' lang='grc' dir='ltr'>λέπεσθε,</span> <span class='ocrx_word' id='word_1_327' title='bbox 912 3901 1103 3984; x_wconf 72' lang='grc' dir='ltr'>ματτυάζετε.</span> <span class='ocrx_word' id='word_1_328' title='bbox 1133 3904 1214 3965; x_wconf 85' lang='lat' dir='ltr'><strong>Vide</strong></span> <span class='ocrx_word' id='word_1_329' title='bbox 1223 3905 1362 3980; x_wconf 67' lang='lat' dir='ltr'><strong>Euml).</strong></span> 
     </span>
     <span class='ocr_line' id='line_1_38' title="bbox 225 3989 1359 4079; baseline 0.01 -29"><span class='ocrx_word' id='word_1_330' title='bbox 225 3992 264 4050; x_wconf 88' lang='lat' dir='ltr'><strong>ad</strong></span> <span class='ocrx_word' id='word_1_331' title='bbox 278 3991 336 4053; x_wconf 92' lang='lat' dir='ltr'><strong>Od.</strong></span> <span class='ocrx_word' id='word_1_332' title='bbox 350 3991 387 4054; x_wconf 89' lang='grc' dir='ltr'><strong>Ξ.</strong></span> <span class='ocrx_word' id='word_1_333' title='bbox 402 4001 448 4062; x_wconf 82' lang='grc'><strong>78.</strong></span> <span class='ocrx_word' id='word_1_334' title='bbox 469 4013 499 4072; x_wconf 89' lang='lat' dir='ltr'><strong>p.</strong></span> <span class='ocrx_word' id='word_1_335' title='bbox 513 3989 580 4054; x_wconf 72' lang='lat'><strong>582.</strong></span> <span class='ocrx_word' id='word_1_336' title='bbox 594 4003 641 4056; x_wconf 74' lang='lat'><strong>82.</strong></span> <span class='ocrx_word' id='word_1_337' title='bbox 663 3995 730 4056; x_wconf 85' lang='lat' dir='ltr'><strong>lias.</strong></span> <span class='ocrx_word' id='word_1_338' title='bbox 777 3994 847 4055; x_wconf 90' lang='lat' dir='ltr'><strong>Vox</strong></span> <span class='ocrx_word' id='word_1_339' title='bbox 867 4007 967 4057; x_wconf 86' lang='lat' dir='ltr'><strong>autem</strong></span> <span class='ocrx_word' id='word_1_340' title='bbox 986 3995 1115 4079; x_wconf 83' lang='grc' dir='ltr'>οκόρδιιξ</span> <span class='ocrx_word' id='word_1_341' title='bbox 1129 3999 1248 4060; x_wconf 87' lang='lat' dir='ltr'><strong>Lexieis</strong></span> <span class='ocrx_word' id='word_1_342' title='bbox 1268 4000 1359 4061; x_wconf 80' lang='lat' dir='ltr'><strong>deest.</strong></span> 
     </span>
     <span class='ocr_line' id='line_1_39' title="bbox 228 4085 547 4168; baseline 0.019 -25"><span class='ocrx_word' id='word_1_343' title='bbox 228 4085 309 4147; x_wconf 88' lang='lat' dir='ltr'><strong>Vide</strong></span> <span class='ocrx_word' id='word_1_344' title='bbox 322 4108 350 4148; x_wconf 89' lang='lat' dir='ltr'><strong>n.</strong></span> <span class='ocrx_word' id='word_1_345' title='bbox 365 4100 547 4168; x_wconf 86' lang='lat' dir='ltr'><strong>sequentem.</strong></span> 
     </span>
    </p>
   </div>
   <div class='ocr_carea' id='block_1_4' title="bbox 226 4204 1361 4386">
    <p class='ocr_par' dir='ltr' id='par_1_5' title="bbox 226 4204 1361 4386">
     <span class='ocr_line' id='line_1_40' title="bbox 304 4204 1361 4295; baseline 0.01 -30"><span class='ocrx_word' id='word_1_346' title='bbox 304 4204 324 4236; x_wconf 85' lang='lat'><strong>¹¹</strong></span> <span class='ocrx_word' id='word_1_347' title='bbox 342 4205 549 4280; x_wconf 67' lang='grc' dir='ltr'>ἀκολασταίνει,</span> <span class='ocrx_word' id='word_1_348' title='bbox 572 4209 677 4272; x_wconf 78' lang='lat' dir='ltr'><strong>iareim</strong></span> <span class='ocrx_word' id='word_1_349' title='bbox 699 4218 726 4270; x_wconf 82' lang='lat' dir='ltr'><strong>ei</strong></span> <span class='ocrx_word' id='word_1_350' title='bbox 747 4209 911 4290; x_wconf 59' lang='lat' dir='ltr'><strong>paulatim</strong></span> <span class='ocrx_word' id='word_1_351' title='bbox 931 4213 1004 4292; x_wconf 76' lang='lat' dir='ltr'><strong>agii,</strong></span> <span class='ocrx_word' id='word_1_352' title='bbox 1028 4213 1068 4272; x_wconf 79' lang='lat' dir='ltr'><strong>ad</strong></span> <span class='ocrx_word' id='word_1_353' title='bbox 1087 4212 1235 4276; x_wconf 68' lang='lat' dir='ltr'><strong>lasciviam</strong></span> <span class='ocrx_word' id='word_1_354' title='bbox 1246 4215 1361 4295; x_wconf 62' lang='lat' dir='ltr'><strong>serint,</strong></span> 
     </span>
     <span class='ocr_line' id='line_1_41' title="bbox 226 4295 1361 4386; baseline 0.011 -31"><span class='ocrx_word' id='word_1_355' title='bbox 226 4295 347 4358; x_wconf 67' lang='lat' dir='ltr'><strong>tuerint.</strong></span> <span class='ocrx_word' id='word_1_356' title='bbox 371 4301 593 4384; x_wconf 49' lang='lat' dir='ltr'><strong>&amp;iatoph-At.</strong></span> <span class='ocrx_word' id='word_1_357' title='bbox 606 4305 688 4367; x_wconf 74' lang='lat'><strong>1226.</strong></span> <span class='ocrx_word' id='word_1_358' title='bbox 702 4303 808 4386; x_wconf 30' lang='lat' dir='ltr'><strong>dpeirhi&#39;</strong></span> <span class='ocrx_word' id='word_1_359' title='bbox 821 4309 848 4363; x_wconf 85' lang='lat' dir='ltr'><strong>oi</strong></span> <span class='ocrx_word' id='word_1_360' title='bbox 860 4305 918 4364; x_wconf 75' lang='grc' dir='ltr'>θεαὶ</span> <span class='ocrx_word' id='word_1_361' title='bbox 931 4305 936 4386; x_wconf 95' lang='grc' dir='ltr'>Ι</span> <span class='ocrx_word' id='word_1_362' title='bbox 947 4307 1180 4370; x_wconf 70' lang='grc' dir='ltr'>ἀκολαστανεῖτε.</span> <span class='ocrx_word' id='word_1_363' title='bbox 1195 4311 1251 4370; x_wconf 78' lang='lat' dir='ltr'><strong>ubi</strong></span> <span class='ocrx_word' id='word_1_364' title='bbox 1263 4310 1361 4372; x_wconf 82' lang='lat' dir='ltr'><strong>Schol.</strong></span> 
     </span>
    </p>
   </div>
   <div class='ocr_carea' id='block_1_5' title="bbox 0 0 1508 5010">
    <p class='ocr_par' dir='ltr' id='par_1_6' title="bbox 0 0 1508 5010">
     <span class='ocr_line' id='line_1_42' title="bbox 0 0 1508 5010; baseline 0 0"><span class='ocrx_word' id='word_1_365' title='bbox 0 0 1508 5010; x_wconf 95' lang='lat' dir='ltr'><strong> </strong></span> 
     </span>
    </p>
   </div>
  </div>
 </body>
</html>
