2948 5010
467 302 695 353 vusslonus
723 302 897 352 LATINAE.

546 516 613 584 111.
657 518 713 606 (P.
734 518 823 599 177.)

111 691 223 751 Forem
246 704 331 753 vecte
350 694 535 774 oppilemus:
558 707 590 755 at
611 715 700 755 nemo
720 695 841 755 interim

109 784 201 845 Adeo
222 789 388 848 obseratam
407 790 531 869 januam
555 790 627 850 fecit
649 791 743 859 faber,

111 880 190 952 Quae
210 901 271 940 non
293 883 346 942 feli
366 894 481 964 peteret
500 895 591 963 atque
612 885 755 945 adultero.

112 1071 301 1132 Clauduntur
324 1073 402 1133 aedes
422 1073 559 1152 pessulis,
583 1075 749 1154 repagulis:

113 1169 175 1228 Sed
190 1169 313 1248 januam
333 1171 418 1231 faber
434 1171 521 1236 ‚haud
543 1173 586 1232 ita
607 1192 741 1251 unquam
761 1172 881 1242 muniit,
1006 1221 1009 1226 .

113 1264 158 1325 Ut
176 1285 237 1324 non
254 1278 370 1346 pateret
389 1268 442 1326 feli
464 1268 563 1328 aditus
587 1280 617 1329 et
641 1269 786 1328 adultero.

550 1590 612 1657 1v.
651 1591 706 1678 (P.
728 1591 816 1673 178.)

620 1779 758 1839 Lacaena.

115 1888 221 1947 Annos
242 1888 349 1948 seniles
367 1909 415 1959 ne,
438 1890 566 1962 Philine‚
587 1891 745 1970 spreveris,

114 1982 167 2041 Ad
188 2003 262 2062 quos
282 1985 438 2062 pervenies
458 1996 489 2045 et
509 1995 544 2044 tu
566 1985 696 2045 vivendo
716 1985 778 2045 diu.

115 2078 178 2138 Sed
198 2098 294 2138 unum
314 2091 360 2140 est
382 2081 413 2139 in
435 2102 496 2160 quo
517 2103 534 2140 a
557 2081 642 2140 vobis
664 2090 764 2160 patres
786 2079 950 2140 vincimur:

114 2175 197 2234 Nam
210 2175 235 2233 si
256 2196 316 2254 qua
336 2177 368 2234 in
387 2197 420 2236 re
441 2178 541 2236 minus
562 2176 765 2256 indulgemus,
784 2175 865 2236 illico
899 2197 901 2200 ·

117 2272 277 2343 Audimus,
300 2272 370 2332 Non
393 2275 478 2333 fuisti
494 2275 616 2354 juvenis
636 2285 671 2334 tu
695 2277 835 2352 quoque?

115 2367 159 2426 At
182 2378 285 2427 contre
306 2368 424 2447 genitor
443 2379 515 2428 nato
535 2369 684 2448 morigero
701 2368 802 2428 minus

117 2462 211 2523 Haud
229 2474 274 2524 est
296 2474 332 2523 ut
351 2465 439 2535 dicat,
461 2465 534 2523 Non
552 2465 637 2524 fuisti
654 2475 685 2524 et
703 2474 738 2523 tu
756 2467 865 2524 senex?

549 2790 596 2855 v.
642 2789 697 2877 (Ρ.
714 2789 803 2871 178.)

116 2978 217 3038 Amici
238 2978 332 3057 siquis
353 2978 446 3039 fuerit
465 2977 619 3056 ingressus
638 2976 770 3046 dominu,

116 3075 149 3132 Is
170 3074 195 3134 si
217 3093 255 3134 ex
276 3075 377 3133 animo
397 3083 442 3134 est
461 3073 584 3144 amicus,
604 3073 699 3150 signa,
721 3070 893 3150 Nicophon,

116 3172 281 3249 Apparent.
302 3169 435 3250 primum
456 3170 635 3248 simulatque
652 3168 786 3247 attigerit
806 3168 894 3239 fores,

116 3265 214 3325 Vultu
232 3265 329 3324 adstet
351 3265 438 3325 hilari
455 3265 584 3345 janitor:
605 3264 708 3324 adulat
729 3262 810 3323 cenis

116 3360 250 3420 caudam
270 3361 403 3439 agitans:
423 3371 489 3419 tum
510 3380 583 3420 vero
602 3358 711 3436 aliquis
734 3358 863 3418 accurrit
884 3358 971 3429 citus,

118 3454 285 3534 sellamque
306 3455 392 3534 ponit
410 3454 578 3534 imperante
599 3453 726 3512 nemine.

119 4364 353 4452 resumemus]
