<?xml version="1.0" encoding="UTF-8"?>
<!DOCTYPE html PUBLIC "-//W3C//DTD XHTML 1.0 Transitional//EN"
    "http://www.w3.org/TR/xhtml1/DTD/xhtml1-transitional.dtd">
<html xmlns="http://www.w3.org/1999/xhtml" xml:lang="en" lang="en">
 <head>
  <title>
</title>
<meta http-equiv="Content-Type" content="text/html;charset=utf-8" />
  <meta name='ocr-system' content='tesseract 3.04.00' />
  <meta name='ocr-capabilities' content='ocr_page ocr_carea ocr_par ocr_line ocrx_word'/>
</head>
<body>
  <div class='ocr_page' id='page_1' title='image "./comicorumgraeco00bailgoog_0203.png"; bbox 0 0 2948 5010; ppageno 0'>
   <div class='ocr_carea' id='block_1_1' title="bbox 584 283 1007 364">
    <p class='ocr_par' dir='ltr' id='par_1_1' title="bbox 584 283 1007 364">
     <span class='ocr_line' id='line_1_1' title="bbox 584 283 1007 364; baseline -0.005 -2"><span class='ocrx_word' id='word_1_1' title='bbox 584 313 811 364; x_wconf 78' lang='lat' dir='ltr'><strong>vsuslonns</strong></span> <span class='ocrx_word' id='word_1_2' title='bbox 833 283 1007 364; x_wconf 75' lang='lat' dir='ltr'><strong>unuunn.</strong></span> 
     </span>
    </p>
   </div>
   <div class='ocr_carea' id='block_1_2' title="bbox 633 521 963 612">
    <p class='ocr_par' dir='ltr' id='par_1_2' title="bbox 633 521 963 612">
     <span class='ocr_line' id='line_1_2' title="bbox 633 521 963 612; baseline 0.006 -26"><span class='ocrx_word' id='word_1_3' title='bbox 633 521 695 587; x_wconf 79' lang='lat' dir='ltr'><strong>lv.</strong></span> <span class='ocrx_word' id='word_1_4' title='bbox 740 528 770 588; x_wconf 77' lang='lat' dir='ltr'><strong>a.</strong></span> <span class='ocrx_word' id='word_1_5' title='bbox 825 523 963 612; x_wconf 74' lang='lat' dir='ltr'><strong>(uu.)</strong></span> 
     </span>
    </p>
   </div>
   <div class='ocr_carea' id='block_1_3' title="bbox 736 691 847 750">
    <p class='ocr_par' dir='ltr' id='par_1_3' title="bbox 736 691 847 750">
     <span class='ocr_line' id='line_1_3' title="bbox 736 691 847 750; baseline 0 0"><span class='ocrx_word' id='word_1_6' title='bbox 736 691 847 750; x_wconf 71' lang='lat' dir='ltr'><strong>Persis.</strong></span> 
     </span>
    </p>
   </div>
   <div class='ocr_carea' id='block_1_4' title="bbox 220 819 1376 1839">
    <p class='ocr_par' dir='ltr' id='par_1_4' title="bbox 224 819 1374 902">
     <span class='ocr_line' id='line_1_4' title="bbox 224 819 1374 902; baseline -0.002 -20"><span class='ocrx_word' id='word_1_7' title='bbox 224 822 308 896; x_wconf 88' lang='lat' dir='ltr'><strong>Quid</strong></span> <span class='ocrx_word' id='word_1_8' title='bbox 324 842 394 881; x_wconf 81' lang='lat' dir='ltr'><strong>vero</strong></span> <span class='ocrx_word' id='word_1_9' title='bbox 410 820 497 880; x_wconf 85' lang='lat' dir='ltr'><strong>uobis</strong></span> <span class='ocrx_word' id='word_1_10' title='bbox 514 820 574 879; x_wconf 86' lang='lat' dir='ltr'><strong>tuis</strong></span> <span class='ocrx_word' id='word_1_11' title='bbox 590 819 764 891; x_wconf 70' lang='lat' dir='ltr'><strong>aratoribus,</strong></span> <span class='ocrx_word' id='word_1_12' title='bbox 778 830 831 879; x_wconf 87' lang='lat' dir='ltr'><strong>aut</strong></span> <span class='ocrx_word' id='word_1_13' title='bbox 840 820 984 900; x_wconf 84' lang='lat' dir='ltr'><strong>jugorum</strong></span> <span class='ocrx_word' id='word_1_14' title='bbox 997 820 1089 880; x_wconf 82' lang='lat' dir='ltr'><strong>fabris</strong></span> <span class='ocrx_word' id='word_1_15' title='bbox 1106 821 1206 881; x_wconf 87' lang='lat' dir='ltr'><strong>adhuc</strong></span> <span class='ocrx_word' id='word_1_16' title='bbox 1222 833 1272 882; x_wconf 87' lang='lat' dir='ltr'><strong>est</strong></span> <span class='ocrx_word' id='word_1_17' title='bbox 1287 843 1374 902; x_wconf 83' lang='lat' dir='ltr'><strong>opus,</strong></span> 
     </span>
    </p>

    <p class='ocr_par' dir='ltr' id='par_1_5' title="bbox 223 915 1354 998">
     <span class='ocr_line' id='line_1_5' title="bbox 223 915 1354 998; baseline -0.001 -19"><span class='ocrx_word' id='word_1_18' title='bbox 223 929 276 980; x_wconf 88' lang='lat' dir='ltr'><strong>aut</strong></span> <span class='ocrx_word' id='word_1_19' title='bbox 292 918 414 978; x_wconf 86' lang='lat' dir='ltr'><strong>falcium</strong></span> <span class='ocrx_word' id='word_1_20' title='bbox 431 915 534 986; x_wconf 81' lang='lat' dir='ltr'><strong>fabris,</strong></span> <span class='ocrx_word' id='word_1_21' title='bbox 555 925 607 974; x_wconf 87' lang='lat' dir='ltr'><strong>aut</strong></span> <span class='ocrx_word' id='word_1_22' title='bbox 627 916 748 985; x_wconf 85' lang='lat' dir='ltr'><strong>aerariis,</strong></span> <span class='ocrx_word' id='word_1_23' title='bbox 771 926 824 975; x_wconf 85' lang='lat' dir='ltr'><strong>aut</strong></span> <span class='ocrx_word' id='word_1_24' title='bbox 847 919 968 987; x_wconf 90' lang='lat' dir='ltr'><strong>semine,</strong></span> <span class='ocrx_word' id='word_1_25' title='bbox 991 927 1043 976; x_wconf 91' lang='lat' dir='ltr'><strong>aut</strong></span> <span class='ocrx_word' id='word_1_26' title='bbox 1063 917 1212 977; x_wconf 87' lang='lat' dir='ltr'><strong>vallorum</strong></span> <span class='ocrx_word' id='word_1_27' title='bbox 1239 925 1354 998; x_wconf 85' lang='lat' dir='ltr'><strong>septo?</strong></span> 
     </span>
    </p>

    <p class='ocr_par' dir='ltr' id='par_1_6' title="bbox 222 1012 1089 1092">
     <span class='ocr_line' id='line_1_6' title="bbox 222 1012 1089 1092; baseline -0.005 -16"><span class='ocrx_word' id='word_1_28' title='bbox 222 1017 292 1077; x_wconf 84' lang='lat' dir='ltr'><strong>Jam</strong></span> <span class='ocrx_word' id='word_1_29' title='bbox 310 1015 390 1074; x_wconf 90' lang='lat' dir='ltr'><strong>enim</strong></span> <span class='ocrx_word' id='word_1_30' title='bbox 412 1012 492 1072; x_wconf 87' lang='lat' dir='ltr'><strong>ultro</strong></span> <span class='ocrx_word' id='word_1_31' title='bbox 515 1021 622 1072; x_wconf 81' lang='lat' dir='ltr'><strong>cuncta</strong></span> <span class='ocrx_word' id='word_1_32' title='bbox 642 1032 697 1091; x_wconf 87' lang='lat' dir='ltr'><strong>per</strong></span> <span class='ocrx_word' id='word_1_33' title='bbox 717 1012 807 1071; x_wconf 84' lang='lat' dir='ltr'><strong>trivia</strong></span> <span class='ocrx_word' id='word_1_34' title='bbox 822 1013 901 1092; x_wconf 85' lang='lat' dir='ltr'><strong>juris</strong></span> <span class='ocrx_word' id='word_1_35' title='bbox 922 1013 1002 1092; x_wconf 68' lang='lat' dir='ltr'><strong>nigri</strong></span> <span class='ocrx_word' id='word_1_36' title='bbox 1022 1013 1089 1084; x_wconf 84' lang='lat' dir='ltr'><strong>rivi,</strong></span> 
     </span>
    </p>

    <p class='ocr_par' dir='ltr' id='par_1_7' title="bbox 220 1107 1112 1192">
     <span class='ocr_line' id='line_1_7' title="bbox 220 1107 1112 1192; baseline -0.001 -21"><span class='ocrx_word' id='word_1_37' title='bbox 220 1111 386 1192; x_wconf 81' lang='lat' dir='ltr'>pinguibus</span> <span class='ocrx_word' id='word_1_38' title='bbox 406 1108 551 1188; x_wconf 84' lang='lat' dir='ltr'><strong>placentis</strong></span> <span class='ocrx_word' id='word_1_39' title='bbox 570 1107 785 1186; x_wconf 87' lang='lat' dir='ltr'><strong>Achillaeisque</strong></span> <span class='ocrx_word' id='word_1_40' title='bbox 806 1110 898 1168; x_wconf 82' lang='lat' dir='ltr'><strong>mauis</strong></span> <span class='ocrx_word' id='word_1_41' title='bbox 920 1110 1112 1180; x_wconf 76' lang='lat' dir='ltr'><strong>exundantes,</strong></span> 
     </span>
    </p>

    <p class='ocr_par' dir='ltr' id='par_1_8' title="bbox 222 1204 1373 1287">
     <span class='ocr_line' id='line_1_8' title="bbox 222 1204 1373 1287; baseline 0.002 -19"><span class='ocrx_word' id='word_1_42' title='bbox 222 1208 341 1287; x_wconf 85' lang='lat' dir='ltr'><strong>copiose</strong></span> <span class='ocrx_word' id='word_1_43' title='bbox 354 1205 437 1265; x_wconf 90' lang='lat' dir='ltr'><strong>Pluti</strong></span> <span class='ocrx_word' id='word_1_44' title='bbox 450 1225 467 1264; x_wconf 90' lang='lat' dir='ltr'><strong>e</strong></span> <span class='ocrx_word' id='word_1_45' title='bbox 480 1204 614 1264; x_wconf 85' lang='lat' dir='ltr'><strong>fontibus</strong></span> <span class='ocrx_word' id='word_1_46' title='bbox 628 1205 790 1285; x_wconf 83' lang='lat' dir='ltr'><strong>profluent,</strong></span> <span class='ocrx_word' id='word_1_47' title='bbox 804 1206 893 1264; x_wconf 92' lang='lat' dir='ltr'><strong>modo</strong></span> <span class='ocrx_word' id='word_1_48' title='bbox 913 1217 946 1266; x_wconf 89' lang='lat' dir='ltr'><strong>ut</strong></span> <span class='ocrx_word' id='word_1_49' title='bbox 961 1206 1081 1268; x_wconf 83' lang='lat' dir='ltr'><strong>haurire</strong></span> <span class='ocrx_word' id='word_1_50' title='bbox 1095 1227 1133 1267; x_wconf 85' lang='lat' dir='ltr'><strong>ex</strong></span> <span class='ocrx_word' id='word_1_51' title='bbox 1146 1208 1208 1266; x_wconf 91' lang='lat' dir='ltr'><strong>illis</strong></span> <span class='ocrx_word' id='word_1_52' title='bbox 1221 1209 1331 1269; x_wconf 75' lang='lat' dir='ltr'><strong>liceat</strong></span> <span class='ocrx_word' id='word_1_53' title='bbox 1357 1220 1373 1270; x_wconf 84' lang='lat'>⁵</span> 
     </span>
    </p>

    <p class='ocr_par' dir='ltr' id='par_1_9' title="bbox 221 1299 1374 1382">
     <span class='ocr_line' id='line_1_9' title="bbox 221 1299 1374 1382; baseline 0 -20"><span class='ocrx_word' id='word_1_54' title='bbox 221 1303 243 1362; x_wconf 89' lang='lat' dir='ltr'>J</span> <span class='ocrx_word' id='word_1_55' title='bbox 244 1303 403 1382; x_wconf 87' lang='lat' dir='ltr'><strong>upiterque</strong></span> <span class='ocrx_word' id='word_1_56' title='bbox 416 1300 523 1381; x_wconf 81' lang='lat' dir='ltr'><strong>pluens</strong></span> <span class='ocrx_word' id='word_1_57' title='bbox 537 1299 641 1358; x_wconf 91' lang='lat' dir='ltr'><strong>vinum</strong></span> <span class='ocrx_word' id='word_1_58' title='bbox 655 1301 800 1379; x_wconf 85' lang='lat' dir='ltr'><strong>capniam,</strong></span> <span class='ocrx_word' id='word_1_59' title='bbox 815 1303 847 1359; x_wconf 92' lang='lat' dir='ltr'><strong>in</strong></span> <span class='ocrx_word' id='word_1_60' title='bbox 864 1312 943 1361; x_wconf 83' lang='lat' dir='ltr'><strong>tecta</strong></span> <span class='ocrx_word' id='word_1_61' title='bbox 955 1301 1039 1361; x_wconf 89' lang='lat' dir='ltr'><strong>velut</strong></span> <span class='ocrx_word' id='word_1_62' title='bbox 1054 1303 1196 1362; x_wconf 88' lang='lat' dir='ltr'><strong>balneum</strong></span> <span class='ocrx_word' id='word_1_63' title='bbox 1208 1303 1374 1376; x_wconf 77' lang='lat' dir='ltr'><strong>effundet:</strong></span> 
     </span>
    </p>

    <p class='ocr_par' dir='ltr' id='par_1_10' title="bbox 221 1394 1206 1484">
     <span class='ocr_line' id='line_1_10' title="bbox 221 1394 1206 1484; baseline -0.001 -27"><span class='ocrx_word' id='word_1_64' title='bbox 221 1409 287 1458; x_wconf 86' lang='lat' dir='ltr'><strong>tum</strong></span> <span class='ocrx_word' id='word_1_65' title='bbox 307 1417 344 1456; x_wconf 84' lang='lat' dir='ltr'><strong>ex</strong></span> <span class='ocrx_word' id='word_1_66' title='bbox 364 1396 450 1456; x_wconf 85' lang='lat' dir='ltr'><strong>tectis</strong></span> <span class='ocrx_word' id='word_1_67' title='bbox 469 1395 528 1456; x_wconf 87' lang='lat' dir='ltr'><strong>rivi</strong></span> <span class='ocrx_word' id='word_1_68' title='bbox 547 1414 673 1454; x_wconf 89' lang='lat' dir='ltr'><strong>uvarum</strong></span> <span class='ocrx_word' id='word_1_69' title='bbox 693 1394 779 1454; x_wconf 85' lang='lat' dir='ltr'><strong>mixti</strong></span> <span class='ocrx_word' id='word_1_70' title='bbox 798 1396 918 1484; x_wconf 78' lang='lat' dir='ltr'><strong>tortulis</strong></span> <span class='ocrx_word' id='word_1_71' title='bbox 937 1417 1021 1456; x_wconf 84' lang='lat' dir='ltr'><strong>caseo</strong></span> <span class='ocrx_word' id='word_1_72' title='bbox 1040 1397 1206 1478; x_wconf 83' lang='lat' dir='ltr'><strong>pinguibus</strong></span> 
     </span>
    </p>

    <p class='ocr_par' dir='ltr' id='par_1_11' title="bbox 221 1489 1133 1569">
     <span class='ocr_line' id='line_1_11' title="bbox 221 1489 1133 1569; baseline -0.002 -16"><span class='ocrx_word' id='word_1_73' title='bbox 221 1494 389 1561; x_wconf 87' lang='lat' dir='ltr'><strong>decurrent,</strong></span> <span class='ocrx_word' id='word_1_74' title='bbox 409 1491 506 1550; x_wconf 83' lang='lat' dir='ltr'><strong>calido</strong></span> <span class='ocrx_word' id='word_1_75' title='bbox 525 1510 594 1549; x_wconf 88' lang='lat' dir='ltr'><strong>oum</strong></span> <span class='ocrx_word' id='word_1_76' title='bbox 613 1489 769 1569; x_wconf 88' lang='lat' dir='ltr'><strong>pulmento</strong></span> <span class='ocrx_word' id='word_1_77' title='bbox 788 1500 818 1549; x_wconf 92' lang='lat' dir='ltr'><strong>et</strong></span> <span class='ocrx_word' id='word_1_78' title='bbox 836 1489 1133 1552; x_wconf 86' lang='lat' dir='ltr'><strong>liliobulbanemonis.</strong></span> 
     </span>
    </p>

    <p class='ocr_par' dir='ltr' id='par_1_12' title="bbox 220 1584 1196 1666">
     <span class='ocr_line' id='line_1_12' title="bbox 220 1584 1196 1666; baseline 0 -20"><span class='ocrx_word' id='word_1_79' title='bbox 220 1589 412 1666; x_wconf 87' lang='lat' dir='ltr'><strong>Arboresque</strong></span> <span class='ocrx_word' id='word_1_80' title='bbox 431 1587 463 1645; x_wconf 90' lang='lat' dir='ltr'><strong>in</strong></span> <span class='ocrx_word' id='word_1_81' title='bbox 482 1585 634 1645; x_wconf 86' lang='lat' dir='ltr'><strong>montibus</strong></span> <span class='ocrx_word' id='word_1_82' title='bbox 654 1594 768 1644; x_wconf 83' lang='lat' dir='ltr'><strong>cunetae</strong></span> <span class='ocrx_word' id='word_1_83' title='bbox 788 1584 944 1645; x_wconf 84' lang='lat' dir='ltr'><strong>haedorum</strong></span> <span class='ocrx_word' id='word_1_84' title='bbox 963 1587 1048 1647; x_wconf 86' lang='lat' dir='ltr'><strong>tostis</strong></span> <span class='ocrx_word' id='word_1_85' title='bbox 1067 1586 1196 1648; x_wconf 82' lang='lat' dir='ltr'><strong>lactibus</strong></span> 
     </span>
    </p>

    <p class='ocr_par' dir='ltr' id='par_1_13' title="bbox 221 1677 1376 1839">
     <span class='ocr_line' id='line_1_13' title="bbox 221 1677 1376 1759; baseline 0 -17"><span class='ocrx_word' id='word_1_86' title='bbox 221 1681 362 1754; x_wconf 88' lang='lat' dir='ltr'><strong>defluent,</strong></span> <span class='ocrx_word' id='word_1_87' title='bbox 383 1692 413 1741; x_wconf 93' lang='lat' dir='ltr'><strong>et</strong></span> <span class='ocrx_word' id='word_1_88' title='bbox 432 1680 551 1759; x_wconf 87' lang='lat' dir='ltr'><strong>sepiolis</strong></span> <span class='ocrx_word' id='word_1_89' title='bbox 573 1677 693 1749; x_wconf 83' lang='lat' dir='ltr'><strong>teneris,</strong></span> <span class='ocrx_word' id='word_1_90' title='bbox 713 1688 743 1738; x_wconf 87' lang='lat' dir='ltr'><strong>et</strong></span> <span class='ocrx_word' id='word_1_91' title='bbox 763 1680 860 1738; x_wconf 86' lang='lat' dir='ltr'><strong>turdis</strong></span> <span class='ocrx_word' id='word_1_92' title='bbox 876 1682 1070 1742; x_wconf 84' lang='lat' dir='ltr'><strong>ferventibus.</strong></span> <span class='ocrx_word' id='word_1_93' title='bbox 1342 1694 1376 1744; x_wconf 81' lang='lat' dir='ltr'><strong>lo</strong></span> 
     </span>
     <span class='ocr_line' id='line_1_14' title="bbox 1093 1777 1296 1839; baseline 0.01 -2"><span class='ocrx_word' id='word_1_94' title='bbox 1093 1777 1296 1839; x_wconf 80' lang='lat' dir='ltr'><strong>Scnwumn.</strong></span> 
     </span>
    </p>
   </div>
   <div class='ocr_carea' id='block_1_5' title="bbox 690 2003 858 2013">
    <p class='ocr_par' dir='ltr' id='par_1_14' title="bbox 690 2003 858 2013">
     <span class='ocr_line' id='line_1_15' title="bbox 690 2003 858 2013; baseline 0.018 -3"><span class='ocrx_word' id='word_1_95' title='bbox 690 2003 858 2013; x_wconf 73' lang='lat'>--—..—</span> 
     </span>
    </p>
   </div>
   <div class='ocr_carea' id='block_1_6' title="bbox 553 2267 1036 2357">
    <p class='ocr_par' dir='ltr' id='par_1_15' title="bbox 553 2267 1036 2357">
     <span class='ocr_line' id='line_1_16' title="bbox 553 2267 1036 2357; baseline 0.004 -23"><span class='ocrx_word' id='word_1_96' title='bbox 553 2267 851 2336; x_wconf 78' lang='lat' dir='ltr'><strong>PHILONIDES.</strong></span> <span class='ocrx_word' id='word_1_97' title='bbox 897 2268 952 2357; x_wconf 83' lang='lat' dir='ltr'><strong>(P.</strong></span> <span class='ocrx_word' id='word_1_98' title='bbox 967 2269 1036 2352; x_wconf 75' lang='lat' dir='ltr'><strong>aa.)</strong></span> 
     </span>
    </p>
   </div>
   <div class='ocr_carea' id='block_1_7' title="bbox 216 2478 979 2753">
    <p class='ocr_par' dir='ltr' id='par_1_16' title="bbox 216 2478 979 2753">
     <span class='ocr_line' id='line_1_17' title="bbox 218 2478 979 2559; baseline 0.005 -21"><span class='ocrx_word' id='word_1_99' title='bbox 218 2479 290 2540; x_wconf 90' lang='lat' dir='ltr'><strong>Nou</strong></span> <span class='ocrx_word' id='word_1_100' title='bbox 308 2480 359 2540; x_wconf 87' lang='lat' dir='ltr'><strong>ille</strong></span> <span class='ocrx_word' id='word_1_101' title='bbox 379 2490 424 2540; x_wconf 89' lang='lat' dir='ltr'><strong>est</strong></span> <span class='ocrx_word' id='word_1_102' title='bbox 442 2478 570 2559; x_wconf 87' lang='lat' dir='ltr'><strong>pavidus</strong></span> <span class='ocrx_word' id='word_1_103' title='bbox 590 2481 642 2559; x_wconf 89' lang='lat' dir='ltr'><strong>qui</strong></span> <span class='ocrx_word' id='word_1_104' title='bbox 662 2482 707 2540; x_wconf 81' lang='lat' dir='ltr'><strong>fas</strong></span> <span class='ocrx_word' id='word_1_105' title='bbox 727 2491 757 2540; x_wconf 85' lang='lat' dir='ltr'><strong>et</strong></span> <span class='ocrx_word' id='word_1_106' title='bbox 776 2481 859 2559; x_wconf 84' lang='lat' dir='ltr'><strong>leges</strong></span> <span class='ocrx_word' id='word_1_107' title='bbox 879 2481 979 2542; x_wconf 88' lang='lat' dir='ltr'><strong>timet:</strong></span> 
     </span>
     <span class='ocr_line' id='line_1_18' title="bbox 217 2576 843 2637; baseline -0.002 -2"><span class='ocrx_word' id='word_1_108' title='bbox 217 2577 371 2636; x_wconf 75' lang='lat' dir='ltr'><strong>Adversus</strong></span> <span class='ocrx_word' id='word_1_109' title='bbox 389 2576 489 2636; x_wconf 85' lang='lat' dir='ltr'><strong>hostes</strong></span> <span class='ocrx_word' id='word_1_110' title='bbox 508 2577 546 2636; x_wconf 84' lang='lat' dir='ltr'><strong>de</strong></span> <span class='ocrx_word' id='word_1_111' title='bbox 565 2577 677 2637; x_wconf 84' lang='lat' dir='ltr'><strong>virtute</strong></span> <span class='ocrx_word' id='word_1_112' title='bbox 694 2576 843 2637; x_wconf 79' lang='lat' dir='ltr'><strong>cernitur:</strong></span> 
     </span>
     <span class='ocr_line' id='line_1_19' title="bbox 216 2674 802 2753; baseline -0.003 -19"><span class='ocrx_word' id='word_1_113' title='bbox 216 2675 246 2734; x_wconf 80' lang='lat' dir='ltr'>A</span> <span class='ocrx_word' id='word_1_114' title='bbox 263 2674 332 2753; x_wconf 83' lang='lat' dir='ltr'><strong>jure</strong></span> <span class='ocrx_word' id='word_1_115' title='bbox 351 2674 431 2734; x_wconf 85' lang='lat' dir='ltr'><strong>vinci</strong></span> <span class='ocrx_word' id='word_1_116' title='bbox 450 2674 588 2752; x_wconf 85' lang='lat' dir='ltr'><strong>praecluis</strong></span> <span class='ocrx_word' id='word_1_117' title='bbox 608 2675 731 2735; x_wconf 84' lang='lat' dir='ltr'><strong>victoria</strong></span> <span class='ocrx_word' id='word_1_118' title='bbox 749 2685 802 2733; x_wconf 84' lang='lat' dir='ltr'><strong>est</strong></span> 
     </span>
    </p>
   </div>
   <div class='ocr_carea' id='block_1_8' title="bbox 704 3029 874 3039">
    <p class='ocr_par' dir='ltr' id='par_1_17' title="bbox 704 3029 874 3039">
     <span class='ocr_line' id='line_1_20' title="bbox 704 3029 874 3039; baseline 0.006 -1"><span class='ocrx_word' id='word_1_119' title='bbox 704 3029 874 3039; x_wconf 38' lang='grc' dir='ltr'><strong>ᾖ.</strong></span> 
     </span>
    </p>
   </div>
   <div class='ocr_carea' id='block_1_9' title="bbox 690 3271 875 3337">
    <p class='ocr_par' dir='ltr' id='par_1_18' title="bbox 690 3271 875 3337">
     <span class='ocr_line' id='line_1_21' title="bbox 690 3271 875 3337; baseline 0.011 -2"><span class='ocrx_word' id='word_1_120' title='bbox 690 3271 875 3337; x_wconf 85' lang='lat' dir='ltr'><strong>ALEXIS.</strong></span> 
     </span>
    </p>
   </div>
   <div class='ocr_carea' id='block_1_10' title="bbox 651 3480 925 3567">
    <p class='ocr_par' dir='ltr' id='par_1_19' title="bbox 651 3480 925 3567">
     <span class='ocr_line' id='line_1_22' title="bbox 651 3480 925 3567; baseline 0.015 -24"><span class='ocrx_word' id='word_1_121' title='bbox 651 3480 678 3546; x_wconf 91' lang='lat'><strong>1.</strong></span> <span class='ocrx_word' id='word_1_122' title='bbox 708 3483 739 3546; x_wconf 89' lang='lat'><strong>1.</strong></span> <span class='ocrx_word' id='word_1_123' title='bbox 783 3480 838 3567; x_wconf 83' lang='lat' dir='ltr'><strong>(P.</strong></span> <span class='ocrx_word' id='word_1_124' title='bbox 856 3483 925 3564; x_wconf 77' lang='lat' dir='ltr'><strong>aa.)</strong></span> 
     </span>
    </p>
   </div>
   <div class='ocr_carea' id='block_1_11' title="bbox 581 3650 1008 3732">
    <p class='ocr_par' dir='ltr' id='par_1_20' title="bbox 581 3650 1008 3732">
     <span class='ocr_line' id='line_1_23' title="bbox 581 3650 1008 3732; baseline 0 -23"><span class='ocrx_word' id='word_1_125' title='bbox 581 3651 729 3730; x_wconf 76' lang='lat' dir='ltr'><strong>Pyrouuo,</strong></span> <span class='ocrx_word' id='word_1_126' title='bbox 750 3650 782 3709; x_wconf 79' lang='lat' dir='ltr'><strong>id</strong></span> <span class='ocrx_word' id='word_1_127' title='bbox 800 3659 842 3710; x_wconf 81' lang='lat' dir='ltr'><strong>est</strong></span> <span class='ocrx_word' id='word_1_128' title='bbox 864 3652 1008 3732; x_wconf 78' lang='lat' dir='ltr'><strong>Igniors&#39;o.</strong></span> 
     </span>
    </p>
   </div>
   <div class='ocr_carea' id='block_1_12' title="bbox 208 3769 1358 4443">
    <p class='ocr_par' dir='ltr' id='par_1_21' title="bbox 208 3769 1358 4443">
     <span class='ocr_line' id='line_1_24' title="bbox 211 3769 1107 3858; baseline 0.008 -27"><span class='ocrx_word' id='word_1_129' title='bbox 211 3769 457 3852; x_wconf 84' lang='lat' dir='ltr'><strong>Experimentum</strong></span> <span class='ocrx_word' id='word_1_130' title='bbox 479 3793 585 3855; x_wconf 85' lang='lat' dir='ltr'><strong>capere</strong></span> <span class='ocrx_word' id='word_1_131' title='bbox 605 3777 730 3837; x_wconf 84' lang='lat' dir='ltr'><strong>diversae</strong></span> <span class='ocrx_word' id='word_1_132' title='bbox 750 3777 832 3837; x_wconf 80' lang='lat' dir='ltr'><strong>illius</strong></span> <span class='ocrx_word' id='word_1_133' title='bbox 852 3779 921 3838; x_wconf 83' lang='lat' dir='ltr'><strong>vitae</strong></span> <span class='ocrx_word' id='word_1_134' title='bbox 941 3781 1107 3858; x_wconf 81' lang='lat' dir='ltr'><strong>cupiebam,</strong></span> 
     </span>
     <span class='ocr_line' id='line_1_25' title="bbox 210 3869 862 3945; baseline 0.011 -19"><span class='ocrx_word' id='word_1_135' title='bbox 210 3887 300 3945; x_wconf 85' lang='lat' dir='ltr'><strong>quam</strong></span> <span class='ocrx_word' id='word_1_136' title='bbox 320 3869 416 3930; x_wconf 88' lang='lat' dir='ltr'><strong>solent</strong></span> <span class='ocrx_word' id='word_1_137' title='bbox 435 3890 538 3930; x_wconf 88' lang='lat' dir='ltr'><strong>omnes</strong></span> <span class='ocrx_word' id='word_1_138' title='bbox 557 3871 710 3931; x_wconf 81' lang='lat' dir='ltr'><strong>nominare</strong></span> <span class='ocrx_word' id='word_1_139' title='bbox 732 3873 862 3933; x_wconf 81' lang='lat' dir='ltr'><strong>uvidum.</strong></span> 
     </span>
     <span class='ocr_line' id='line_1_26' title="bbox 208 3961 875 4044; baseline 0.013 -26"><span class='ocrx_word' id='word_1_140' title='bbox 208 3961 247 4019; x_wconf 93' lang='lat' dir='ltr'><strong>In</strong></span> <span class='ocrx_word' id='word_1_141' title='bbox 270 3964 422 4024; x_wconf 84' lang='lat' dir='ltr'><strong>Ceramico</strong></span> <span class='ocrx_word' id='word_1_142' title='bbox 441 3984 496 4044; x_wconf 86' lang='lat' dir='ltr'><strong>per</strong></span> <span class='ocrx_word' id='word_1_143' title='bbox 515 3965 650 4025; x_wconf 90' lang='lat' dir='ltr'><strong>triduum</strong></span> <span class='ocrx_word' id='word_1_144' title='bbox 671 3967 875 4038; x_wconf 73' lang='lat' dir='ltr'><strong>obambulans,</strong></span> 
     </span>
     <span class='ocr_line' id='line_1_27' title="bbox 208 4058 898 4140; baseline 0.013 -26"><span class='ocrx_word' id='word_1_145' title='bbox 208 4058 364 4135; x_wconf 80' lang='lat' dir='ltr'><strong>magistros</strong></span> <span class='ocrx_word' id='word_1_146' title='bbox 383 4062 480 4140; x_wconf 82' lang='lat' dir='ltr'><strong>reperi</strong></span> <span class='ocrx_word' id='word_1_147' title='bbox 503 4061 595 4140; x_wconf 89' lang='lat' dir='ltr'><strong>hujus</strong></span> <span class='ocrx_word' id='word_1_148' title='bbox 615 4083 705 4140; x_wconf 90' lang='lat' dir='ltr'><strong>quam</strong></span> <span class='ocrx_word' id='word_1_149' title='bbox 728 4062 797 4122; x_wconf 88' lang='lat' dir='ltr'><strong>dico</strong></span> <span class='ocrx_word' id='word_1_150' title='bbox 818 4063 898 4132; x_wconf 77' lang='lat' dir='ltr'><strong>vitae,</strong></span> 
     </span>
     <span class='ocr_line' id='line_1_28' title="bbox 208 4156 1358 4236; baseline 0.019 -26"><span class='ocrx_word' id='word_1_151' title='bbox 208 4171 245 4211; x_wconf 86' lang='lat' dir='ltr'><strong>ex</strong></span> <span class='ocrx_word' id='word_1_152' title='bbox 265 4173 325 4212; x_wconf 83' lang='lat' dir='ltr'><strong>uns</strong></span> <span class='ocrx_word' id='word_1_153' title='bbox 344 4156 467 4226; x_wconf 83' lang='lat' dir='ltr'><strong>officina,</strong></span> <span class='ocrx_word' id='word_1_154' title='bbox 489 4157 612 4236; x_wconf 77' lang='lat' dir='ltr'><strong>triginta</strong></span> <span class='ocrx_word' id='word_1_155' title='bbox 631 4158 757 4219; x_wconf 87' lang='lat' dir='ltr'><strong>circiter.</strong></span> <span class='ocrx_word' id='word_1_156' title='bbox 1339 4183 1358 4232; x_wconf 74' lang='lat'><em>5</em></span> 
     </span>
     <span class='ocr_line' id='line_1_29' title="bbox 1082 4258 1273 4324; baseline 0.031 -6"><span class='ocrx_word' id='word_1_157' title='bbox 1082 4258 1273 4324; x_wconf 74' lang='lat' dir='ltr'><strong>Souvmou.</strong></span> 
     </span>
     <span class='ocr_line' id='line_1_30' title="bbox 718 4357 1355 4443; baseline 0.027 -25"><span class='ocrx_word' id='word_1_158' title='bbox 718 4357 1355 4443; x_wconf 69' lang='lat' dir='ltr'><strong>[nnunuonsuss-suisontous—nuuxu.</strong></span> 
     </span>
    </p>
   </div>
   <div class='ocr_carea' id='block_1_13' title="bbox 0 0 1478 5010">
    <p class='ocr_par' dir='ltr' id='par_1_22' title="bbox 0 0 1478 5010">
     <span class='ocr_line' id='line_1_31' title="bbox 0 0 1478 5010; baseline 0 6"><span class='ocrx_word' id='word_1_159' title='bbox 0 0 1478 5010; x_wconf 95' lang='lat' dir='ltr'><strong> </strong></span> 
     </span>
    </p>
   </div>
  </div>
 </body>
</html>
