2948 5010
237 321 302 386 218
341 365 342 368 ,
602 333 1025 384 vnas1ounsnar1un.

235 513 364 572 Gentem
388 513 546 574 scelestam
572 526 602 574 et
624 516 744 594 nuptias
768 515 876 593 aliquis
897 516 991 575 facit?

234 609 328 678 Facit,
350 609 473 687 inquam
494 610 582 670 miser
605 611 673 670 heu.
700 611 879 689 cupiditates
897 611 1064 678 imminent,

232 703 276 761 Et
295 703 327 761 in
345 703 442 782 jugali
464 705 599 764 moecbus
621 705 774 764 luxurians
797 715 880 775 ἴοι-ος

232 798 352 883 Insidiae
372 797 451 867 hinc,
473 808 503 858 et
525 819 639 859 venena
660 811 691 860 et
710 801 800 878 longe
822 799 969 878 pessimus

230 894 407 952 Morborum
425 893 548 963 invidia,
570 895 693 972 quicum
712 905 860 974 perpetuo
879 915 963 955 suam

229 990 358 1050 AEtatem
378 989 464 1068 degit
486 991 601 1050 mulier.

231 1223 338 1280 Nonne
357 1222 464 1279 merito
484 1221 616 1300 pingunt
637 1224 814 1283 Promethea

231 1315 365 1375 clavibus
388 1316 507 1375 affixum
530 1316 569 1375 ad
587 1336 678 1396 rupes
701 1317 851 1379 Caucasi?

230 1410 274 1468 Et
291 1411 419 1488 Lampas
441 1420 567 1482 tantum,
588 1413 664 1472 nihil
684 1413 767 1473 aliud
785 1395 886 1484 1)οηὶ,1

231 1505 259 1565 ei
277 1509 427 1565 sacratur?
470 1506 563 1579 Quod
583 1528 685 1568 omnes
707 1509 796 1568 credo
817 1509 889 1568 deos
910 1509 1015 1578 odisse,

230 1599 387 1659 mulierem
408 1601 501 1660 finxit
542 1602 621 1662 Proh
642 1603 685 1661 dii
705 1603 896 1684 immortales,
1351 1607 1364 1658 ⁵

230 1705 351 1773 gentem
371 1695 535 1775 impuram!
563 1717 723 1758 uxoremne
746 1700 905 1777 quisquam
924 1698 1027 1757 ducit?
1050 1701 1199 1757 uxorem?

229 1791 380 1870 Deinceps
403 1793 483 1852 enim
503 1793 626 1853 occultae
647 1795 793 1872 ingruunt
817 1793 1005 1874 cupiditates,
1028 1795 1057 1855 Ο
1078 1793 1191 1864 Lache,

229 1897 259 1946 et
279 1886 389 1965 geniali
410 1888 492 1948 lecto·
503 1888 632 1949 illudens
654 1888 780 1959 adulter,

230 1991 261 2041 et
278 1982 429 2053 veneficia,
450 1992 481 2041 et
498 1985 670 2044 morborum
687 1983 880 2062 gravissimus

230 2075 351 2148 invidia,
375 2098 503 2156 quacum
524 2080 631 2139 mulier
652 2080 728 2139 vivit
750 2100 805 2158 per
829 2098 947 2139 omnem
968 2088 1094 2138 aetatem.
1330 2083 1359 2135 10

1095 2247 1102 2272 ⁸
1164 2173 1295 2234 Banna.

654 2428 697 2493 v.
730 2429 785 2513 (Ρ.
809 2428 899 2510 130.)

707 2625 903 2705 Supposititio.

505 2756 599 2832 Hunc
619 2771 708 2831 credo
727 2771 943 2840 felicissimum,

226 2868 378 2941 Quicum
399 2869 549 2946 spectarit,
575 2869 729 2938 Parmeno,
751 2867 867 2946 placide
889 2868 989 2928 Deum

226 2968 365 3044 Augusta
388 2965 475 3036 dona,
498 2965 577 3024 redit
603 2986 639 3024 eo
660 2964 740 3023 unde
764 2975 901 3024 venerat:

225 3062 331 3130 Jubar,
357 3061 490 3139 inquam,
513 3060 591 3120 Solis
612 3059 779 3138 publicum,
800 3061 905 3131 nubes,
929 3081 1029 3138 aquas,

225 3157 342 3235 Ignem.
361 3176 491 3234 namque
511 3175 603 3214 annos
624 3155 762 3232 quamvis
786 3165 906 3215 centum
929 3155 1045 3226 vixerit,

224 3251 341 3311 Eadem
366 3250 497 3311 videbit:
527 3250 625 3328 sitque
645 3249 716 3308 licet
738 3259 808 3308 aetas
827 3249 937 3320 brevis,

227 3347 341 3406 Tamen
362 3346 427 3405 istis
448 3344 526 3403 nihil
547 3355 593 3404 est
614 3344 780 3423 conspicari
802 3344 966 3423 pulchrius

224 3443 392 3502 Mercatum
414 3440 501 3500 crede
524 3450 643 3518 tempus
665 3439 723 3498 hoc
745 3439 827 3518 quod
848 3441 970 3511 vivitur,

223 3537 319 3616 Cujus
343 3537 459 3597 visendi
479 3535 707 3615 peregrinamur
729 3535 834 3612 gratia.

224 3633 337 3691 Forum
357 3633 410 3704 ibi,
430 3633 587 3703 tumultus,
611 3632 703 3700 fures,
726 3630 883 3709 colloquia,
905 3633 976 3692 alea.

222 3729 299 3787 Abis
323 3729 347 3787 si
366 3728 492 3807 primus,
509 3728 567 3788 hoc
585 3725 750 3786 viaticatior

222 3823 362 3882 Divertes
383 3823 505 3883 melius:
534 3822 593 3882 eris
610 3820 736 3880 infestus
755 3821 876 3880 nemini.

223 3917 338 3995 Atqui
361 3918 504 3987 subsistit,
525 3917 551 3976 is
567 3915 730 3976 delassatus
751 3916 840 3993 perit,

223 4013 264 4071 Et
283 4012 359 4072 male
382 4031 536 4072 senescens
556 4011 687 4090 aliquam
706 4021 868 4089 egestatem
888 4012 1013 4072 incidit:

223 4105 366 4179 Versatur,
386 4107 486 4167 hostes
509 4107 629 4185 reperit,
653 4106 775 4166 insidias
796 4108 887 4166 subit.

224 4203 393 4280 Longarus
414 4222 569 4279 nunquam
590 4201 669 4261 facili
694 4211 788 4260 morte
812 4203 958 4280 fungitur.
