2948 5010
240 259 307 328 230
599 268 824 324 vaus1ouus
848 267 1026 322 LATINAE.

241 449 295 508 Sin
317 448 395 508 forte
416 459 554 527 sumptus
576 460 698 528 superat
720 471 754 510 ea
775 470 843 529 quae
862 447 1006 528 possidet,

241 543 439 604 Prohibemus
458 544 529 605 huic
549 565 588 605 ne
609 545 699 613 faciat
721 545 779 609 hoc
800 545 833 610 in
855 554 1018 624 posterum·

242 640 284 698 Ni
307 649 419 718 pareat,
439 640 503 718 jam
524 640 666 719 plectitur
688 640 801 700 mulcta
819 639 913 718 gravi.

242 735 295 794 Sin
318 745 492 814 sumptuose
515 735 591 795 vivit
611 736 637 794 is
657 736 709 813 qui
733 735 777 801 nil
797 735 897 805 habet,

243 831 382 891 Tradunt
401 853 471 893 eum
491 832 663 896 tortoribus.
705 831 800 896 Proh!
829 831 987 898 Hercules.

243 927 308 986 Nec
331 927 411 986 enim
433 926 504 985 licet
527 927 619 985 vitam
639 928 752 1004 absque
775 929 852 990 mulo
875 927 938 988 ullo
961 926 1074 1012 degere

242 1023 347 1082 Talem
370 1023 460 1083 scias:
485 1023 538 1082 sed
558 1034 679 1084 estnec
701 1044 764 1083 esse
788 1034 839 1085 aut
859 1024 999 1086 noctibus

241 1119 376 1197 Abigere
396 1118 539 1198 praedam,
561 1128 614 1177 aut
634 1119 736 1181 fodere
756 1139 859 1178 muros
880 1119 999 1190 aedium,

241 1215 307 1280 Aut
326 1213 391 1272 haec
408 1222 580 1291 patrantum
599 1213 724 1293 jungier
747 1215 935 1286 commercio,

243 1313 308 1368 Aut
329 1307 362 1366 in
382 1309 449 1368 foro
469 1329 557 1388 agere
581 1310 804 1389 sycophantam,
827 1322 879 1372 aut
898 1311 1049 1391 pe‘rfidum

243 1405 380 1465 Praebere
404 1413 519 1467 testem.
559 1406 623 1464 Nos
643 1424 739 1484 genus
759 1405 817 1466 hoc
839 1407 1010 1468 mortalium

243 1499 393 1578 Ejicimus
413 1499 470 1559 hac
493 1520 530 1560 ex
555 1503 639 1570 urbe,
662 1500 745 1564 velut
767 1502 995 1581 purgamina.—

740 1853 879 1864 —-.-=-.-..

636 2092 984 2164 APOLLODORUS.

692 2296 720 2360 1.
765 2297 820 2383 (P.
833 2296 922 2378 176.)

733 2479 881 2560 saepiu.

243 2608 314 2666 Vita
336 2608 430 2666 otiosa
449 2608 538 2687 plena
558 2607 762 2678 beatitudinis,

244 2703 276 2762 Si
297 2724 366 2763 cum
387 2703 488 2763 otiosis
508 2705 573 2764 aliis
594 2704 686 2764 vitam
709 2705 864 2783 transigas.

244 2800 321 2857 Cum
341 2797 433 2857 simiis
453 2799 585 2879 ferisque
607 2810 754 2877 agentem,
778 2800 894 2859 simiam

244 2893 325 2953 Fieri
337 2913 456 2954 necesse
477 2905 538 2955 est:
559 2916 577 2953 ο
598 2895 691 2954 vitam
711 2895 953 2955 aerumnabilem!

706 3203 753 3268 11.
799 3205 854 3291 (Ρ.
876 3206 964 3288 uu)

245 3380 316 3438 Non
339 3378 428 3438 video
448 3397 592 3456 quorsum
611 3390 736 3457 argento
759 3380 899 3462 confidas,
921 3391 1015 3461 pater,

245 3475 337 3549 Quod
354 3475 397 3534 nil
418 3475 540 3535 habenti
558 3476 645 3535 facile
666 3476 770 3554 largiri
795 3477 869 3536 solet

245 3573 353 3633 Brevis
371 3570 454 3642 hora,
478 3580 508 3630 et
528 3591 647 3632 rursum
671 3571 835 3650 possidenti
856 3573 983 3634 demere.

247 3761 341 3820 Haud
360 3772 405 3822 sat
428 3762 490 3822 scio
513 3761 563 3822 oui
586 3771 621 3820 tu
640 3761 776 3841 pecuniae
796 3774 881 3843 pater

247 3857 351 3917 Fides:
374 3879 464 3938 quam
484 3857 707 3937 possidentibus
728 3860 834 3938 prius¹

247 3949 333 4012 Hora
354 3973 414 4014 una
434 3953 523 4032 rapit,
546 3962 577 4013 et
598 3953 751 4031 possidere
774 3955 827 4015 dat
847 3956 922 4016 aliis.

1169 4057 1212 4117 Η.
1226 4059 1348 4120 Snus.

389 4240 397 4270 ¹
430 4240 520 4292 Versus
535 4257 642 4293 mancus.
675 4243 771 4294 Possis:
789 4260 862 4307 quom
874 4247 953 4306 sarilo
968 4249 1014 4296 &u

959 4329 1373 4417 [emmaus-smmum
