3060 5030
667 365 823 414 nuuxrs.
1231 331 1234 344 ’
1274 357 1317 420 35

258 540 265 569 ¹
288 539 446 600 “Iudicavi
465 540 610 602 lacunam.
648 542 698 615 μὲν
711 548 738 601 οἱ
753 543 870 602 addidit
883 542 1033 602 Grotiua.”
1055 544 1217 604 Drunoar.
1255 546 1317 606 Sal-

176 645 238 693 tem
257 634 314 707 μὲν,
336 637 372 705 ol,
390 659 475 716 πεπρ.
496 637 587 698 vertit
606 639 696 712 enim,
718 638 777 718 orti,
800 636 981 717 σνναααίρανα
1001 635 1141 710 libertate,
1163 642 1216 700 &a
1242 643 1319 701 servi

177 750 282 789 samu.
320 731 473 810 Equidem
485 733 602 792 malim:
616 731 658 792 Ὦ
670 731 817 814 δυστυχεῖς
828 732 904 806 ἡμεῖς
915 728 973 804 μὲν,
985 738 1010 790 ai
1022 757 1109 814 πεπρ.
1127 760 1153 792 κ.
1163 761 1193 792 π.
1202 746 1230 793 λ.
1272 735 1318 795 O!

177 847 229 885 noa
243 826 373 907 prosecta
392 828 518 899 misma,
538 829 686 910 siquidem,
706 830 887 909 mancipata
911 829 1052 900 libertate,
1072 833 1127 891 &a
1147 829 1224 890 aaron·
1244 831 1316 891 vivi·

177 942 248 991 mur,
260 926 312 982 dac.
347 923 397 982 Sic
410 923 564 1004 Aristoph.
580 924 694 984 Eccles.
709 934 793 996 1098.
812 922 837 984 si
850 924 1100 1006 τρισκακοδαίμων,
1113 932 1136 984 ei
1149 933 1262 999 γυναῖκα
1279 926 1322 986 δεῖ

176 1017 291 1098 σαπρᾶν
310 1017 314 1096 Ι
335 1017 421 1093 βινεῖν
433 1018 501 1090 ὅλην
513 1017 565 1089 τήν
584 1017 668 1078 νύκτα
687 1018 731 1077 καὶ
745 1019 798 1090 τήν
811 1017 923 1099 ἡμέραν.
959 1021 1030 1078 Post
1043 1015 1142 1078 ἔπειτα
1163 1031 1262 1081 autem
1284 1020 1316 1080 ln

175 1132 203 1169 v.
217 1120 245 1170 4.
266 1113 494 1191 intelligendum
520 1125 566 1174 est
588 1114 626 1186 δὲ,
657 1116 705 1174 cui
726 1115 904 1194 respondeat
924 1115 1017 1173 altera
1036 1115 1192 1193 particula.
1236 1115 1316 1176 Vide

176 1207 368 1286 Hoogeveen.
395 1209 433 1267 ad
456 1209 560 1287 Viger.
579 1230 610 1289 p.
631 1217 696 1271 532.
750 1209 843 1270 Plena
863 1209 950 1268 Pind.
966 1209 1052 1268 Nem.
1068 1210 1106 1268 X.
1123 1210 1186 1272 168.
1214 1209 1269 1268 o'ad
1294 1212 1316 1270 δ’

172 1299 268 1362 ἔλυσεν
286 1302 335 1376 μέν
353 1303 464 1382 ὄφθαλ-
486 1303 491 1386 Ι
511 1303 571 1378 priv,
591 1302 691 1363 ἔπειτα
711 1304 741 1364 δὲ
760 1303 861 1383 φωνάν.

251 1418 262 1448 ⁸
283 1417 453 1478 “Nicolaus
474 1419 577 1478 Sturio
595 1419 773 1478 emendabat
794 1417 947 1496 φάσκομεκ.
983 1418 1094 1479 Placet.
1134 1419 1209 1478 Tam
1226 1421 1313 1492 fatui,

171 1511 223 1582 ait,
252 1533 363 1583 sumus,
392 1525 426 1572 ut
445 1523 700 1573 auctoramentum
721 1514 873 1573 servitutis
892 1524 1001 1573 nostrae
1024 1534 1165 1574 vocemus
1185 1514 1313 1575 dotem.”

172 1607 351 1668 cassanen.
374 1610 491 1668 “Istud
507 1609 653 1688 φάσκομεν
672 1610 826 1688 adoptavit
845 1610 977 1669 Grotius.
1018 1610 1138 1682 Quibus
1156 1612 1314 1689 praeiverat

171 1703 392 1782 Dalecampius,
413 1703 456 1763 sic
473 1715 606 1763 vertens:
629 1705 744 1763 Deinde
764 1725 898 1783 magnam
918 1706 1009 1764 dotem
1030 1725 1083 1764 aar
1103 1725 1158 1764 aon
1179 1719 1311 1787 magnam

170 1797 339 1878 supplicium
360 1801 516 1858 vocamus?
563 1801 629 1860 Nos
658 1801 691 1858 in
719 1801 843 1878 vulgato
869 1799 1023 1881 πάσχομεν
1051 1800 1127 1860 nibil
1150 1801 1312 1862 admodum

170 1895 413 1955 desideravimus.
442 1895 507 1976 0in
520 1895 603 1968 πιμῆν
615 1895 784 1978 πάσχομενς
807 1917 899 1956 nonne
912 1897 964 1956 Ιιοσ
977 1905 1114 1977 tanquam
1125 1918 1238 1976 ponam
1254 1921 1311 1980 ρα-

170 1991 282 2050 timor?
303 2012 395 2050 nonne
408 1992 488 2050 nobie
498 1991 632 2071 supplicii
641 1991 701 2051 loco
711 2000 752 2052 est
760 1994 794 2052 .9’'
828 1992 1131 2051 Souwrreumusan.
1166 1992 1312 2071 φάσκομεν

169 2086 258 2145 etiam
282 2089 427 2147 Canterus
450 2087 512 2165 (vel
534 2088 634 2166 potius
657 2087 789 2147 Joaunes
816 2090 964 2166 Auratus)
992 2088 1072 2147 Nov.
1097 2089 1181 2148 Lect.
1205 2090 1259 2149 lv.
1281 2101 1308 2152 5.

169 2181 261 2254 Quod
277 2183 358 2260 fugit
372 2182 573 2241 Dindorfium.
611 2181 776 2259 Vulgatum
791 2193 890 2242 autem
905 2203 1009 2242 verum
1024 2203 1086 2243 ease
1100 2183 1231 2243 ostendit
1243 2185 1308 2244 Lex

168 2279 250 2358 apud
259 2278 414 2338 Demosth.
427 2299 452 2338 c.
463 2279 540 2337 Mid·
555 2279 599 2338 16.
621 2277 720 2337 ὅτανδ’
732 2278 767 2337 ἄν
781 2279 956 2352 toramine,
967 2280 985 2350 ri
997 2278 1111 2337 Ἡλιαῖα
1122 2279 1232 2351 τιμάτω
1247 2283 1308 2363 περὶ

167 2373 256 2432 ainos*
273 2374 462 2454 παραχρῆμα,
483 2373 603 2431 ricoardi
622 2372 690 2456 δόξῃ
710 2373 789 2453 ἄξιος
810 2372 876 2432 εἶναι
896 2375 1001 2446 παθεῖν,
1023 2374 1042 2445 ἢ
1060 2374 1208 2434 α’παπίσαι.

244 2489 255 2518 ³
276 2496 293 2523 ‘⁴
302 2487 395 2568 χολήν
407 2487 479 2546 iram
493 2488 570 2546 male
585 2497 706 2546 vertunt
714 2510 723 2558 ;
745 2507 813 2547 curn
828 2487 1004 2566 omninosel
1014 2487 1197 2560 debuissent,
1215 2508 1306 2568 prop-

165 2593 211 2642 ter
223 2583 256 2642 id
270 2583 352 2663 quod
364 2582 550 2661 subjicitur.”
571 2585 748 2641 Casauaon.

244 2696 255 2726 ⁴
274 2693 345 2775 npdr
356 2693 465 2764 ἐκείνην,
486 2694 527 2754 ad
540 2695 627 2764 illam,
645 2714 710 2774 proe
724 2692 785 2762 illa,
805 2692 897 2771 Angl.
912 2702 940 2752 te
950 2693 1024 2752 stat.
1066 2693 1144 2752 Vide
1157 2693 1305 2753 Matthioei

166 2790 220 2850 Gr.
234 2790 286 2848 Gr.
302 2799 369 2860 591.
389 2810 413 2846 o.
429 2815 455 2862 γ.

242 2905 252 2934 ⁸
274 2903 431 2972 Dobraeus,
454 2903 486 2961 in
509 2914 580 2961 nota
602 2902 729 2979 margini
750 2902 926 2980 exemplaris
946 2902 1020 2960 Eae.
1040 2900 1124 2959 (irat
1145 2901 1304 2980 adscripta,

163 3001 259 3078 cujus,
280 3019 397 3059 necnon
417 3011 448 3059 et
467 3000 550 3059 Stob.
571 2999 656 3058 Grot.
676 2998 853 3078 exemplaris
875 2997 1027 3066 Dobraici,
1050 2997 1186 3056 uotiuum
1209 2997 1304 3058 debeo

160 3097 377 3156 benevolentia
397 3107 427 3156 et
447 3093 625 3155 humanitati
644 3091 683 3152 G.
699 3094 733 3152 R.
749 3094 784 3152 T.
801 3093 926 3172 Boggia,
953 3092 991 3152 A.
1000 3093 1036 3153 B.
1063 3113 1100 3153 ex
1126 3094 1197 3153 Aul.
1219 3094 1302 3154 Tria.

162 3191 248 3251 Cant.
268 3191 343 3249 mihi
364 3191 434 3251 olim
452 3192 484 3249 in
502 3189 690 3269 disciplinam
709 3189 822 3258 maditi,
842 3209 962 3249 versum
981 3188 1025 3248 sic
1042 3189 1224 3266 corrigebat:
1253 3187 1301 3247 αὖ·

161 3313 210 3345 ται
230 3285 252 3344 δ’
269 3285 402 3358 rideamini,
424 3288 468 3345 soi
488 3287 557 3367 raptis
577 3285 786 3360 ε’γκαλαῦσ”ε’τι.
826 3285 926 3358 Quam
944 3296 1045 3344 temen
1062 3285 1300 3344 emendationem

161 3384 274 3444 calamo
286 3395 454 3444 transverso
472 3394 576 3462 postea
595 3383 719 3441 notavit
759 3381 835 3440 Mihi
852 3401 889 3441 ex
906 3382 1078 3441 certissimis
1091 3381 1211 3442 videtur
1227 3402 1300 3443 esse.

162 3480 199 3538 In
225 3477 339 3542 Aldina
363 3479 542 3557 impressum
568 3477 688 3555 legitur,
716 3476 800 3557 προσ’
824 3477 896 3556 (sic)
920 3475 1075 3550 ἐγκαλοῢσ’.
1116 3477 1300 3556 Posidippus

159 3574 271 3635 Athen.
283 3596 314 3654 p.
326 3583 392 3644 377.
406 3578 445 3634 Α.
461 3573 496 3633 ὃν
509 3572 529 3632 δ’
542 3571 690 3654 α’ληθινδν]
705 3571 812 3630 σαντδν
826 3573 1023 3654 παραβάλλῃς,
1039 3574 1083 3632 καὶ
1096 3572 1165 3654 rrpric
1178 3572 1298 3654 a'xbapaia

159 3669 234 3728 ἄπει.
268 3671 315 3730 Ita
330 3673 443 3750 optime
462 3670 653 3729 Dindorfius:
674 3669 767 3746 vulgo
785 3668 990 3750 προσεκδαρεὶς.
1030 3669 1097 3730 Nec
1116 3669 1298 3739 resolutioni,

158 3766 190 3823 in
204 3766 341 3824 Alexidis
354 3766 429 3836 loco,
452 3768 550 3824 obstat
565 3762 711 3842 particula
723 3761 775 3835 ἔπι,
796 3782 866 3823 cum
881 3783 941 3823 non
955 3765 1055 3823 minus
1071 3774 1152 3824 recte
1169 3761 1213 3820 sai
1228 3762 1299 3844 πρδκ

156 3858 199 3920 ἔτι
217 3861 343 3931 dicatur,
365 3879 455 3939 quam
474 3859 517 3918 roi
534 3858 604 3940 rrpds
616 3857 660 3919 ἐπὶ
675 3857 785 3917 τούτοις
800 3857 954 3938 Aristoph.
969 3859 1049 3918 Plut.
1067 3867 1150 3918 1001.
1191 3857 1299 3918 Derai

158 3955 237 4036 arpis,
258 3963 285 4014 et
302 3965 455 4035 proterea,
477 3955 546 4014 vide
564 3955 661 4033 Toup.
674 3954 788 4033 opusc.
806 3953 848 4013 11.
866 3975 896 4032 p.
909 3963 976 4015 213.
997 3952 1131 4012 Brunck.
1152 3953 1191 4012 ad
1212 3954 1295 4013 Aria-

157 4051 240 4130 topb.
262 4051 387 4132 Lysistr.
408 4050 475 4112 628.
496 4051 585 4111 etad
608 4051 680 4110 Rau.
703 4050 770 4110 611.
798 4049 964 4109 Hermann.
986 4050 1025 4110 ad
1048 4049 1152 4127 Viger.
1176 4069 1207 4128 p.
1228 4049 1295 4111 662.

158 4147 263 4205 Monk.
284 4147 323 4206 ad
337 4146 443 4225 Eurip.
460 4147 554 4226 Hipp.
568 4153 634 4216 897.

163 4255 166 4262 ¹
216 4227 245 4288 *⁸
265 4267 283 4294 “
293 4257 393 4341 ἄρχειν
409 4278 466 4337 pro
483 4257 680 4332 ἐπιμελεῖσθαι,
701 4277 812 4326 curare,
833 4257 934 4335 posuit
951 4255 1069 4314 Alexier
1090 4255 1161 4334 quie
1174 4259 1230 4313 ‘rada
1242 4256 1308 4338 a'pe

155 4352 276 4434 χόνπων,
297 4353 396 4424 idest,
413 4353 641 4432 magistratuum
655 4353 784 4412 officium
797 4361 851 4420 est,
870 4369 972 4410 curam
986 4348 1095 4412 babere
1108 4370 1211 4410 eorum
1225 4352 1293 4430 qui·

1019 4429 1192 4501 '3-a
