3060 5030
222 269 267 354 76
382 283 636 333 conmonulu
666 285 902 335 onnconuu
930 286 1199 336 intonanda.

302 468 309 498 ¹
331 465 496 545 Euphronis
516 468 554 526 ol.
579 467 695 546 Diphili
720 468 871 527 Gesnerus
900 469 931 526 in
959 468 1071 528 Stobaei
1097 470 1242 549 margine.
1268 503 1273 508 ·
1295 469 1364 530 Eu·

221 563 329 642 phroni
350 562 456 622 tribuit
473 563 688 633 Triocavellus,
704 563 830 642 Diphilo
845 574 944 623 nutem
967 565 1164 640 Gaisforffius,
1178 587 1247 627 cum
1270 568 1362 628 MSS.

221 659 259 717 A.
270 661 303 718 B.
343 661 419 718 Cum
431 659 531 738 priore
546 658 727 736 Fragmento
740 661 889 719 connectit
902 660 1059 720 Hertelius
1071 684 1101 741 p.
1112 662 1180 724 630.
1193 663 1246 742 qui
1259 673 1363 722 temen

219 754 305 825 illud,
319 777 386 834 quae
400 776 434 814 ea
446 753 575 812 hominis
588 754 784 814 inconstantia
797 765 851 825 est,
865 755 991 834 Diphilo
1004 756 1111 816 tribuit
1122 778 1155 835 p.
1164 766 1231 818 214.

296 865 416 947 ’ἕργον,
441 865 490 924 vel
515 862 598 943 ἔργον
623 860 695 935 ἔστι,
722 865 834 944 difficile
859 875 909 925 est.
958 867 1095 926 Photius:
1124 866 1231 947 Ἔργον
1257 874 1360 928 elne:

218 960 350 1044 χαλεπδν
363 967 454 1020 εἰπεῖν.
486 959 567 1018 Vide
581 959 702 1019 Dobraei
715 961 843 1020 Advers.
854 961 889 1018 Τ.
901 962 942 1019 ll.
953 982 983 1040 p.
994 971 1062 1028 271.
1102 962 1261 1042 Philippus
1274 963 1359 1042 apud

219 1060 301 1118 Stob.
312 1058 347 1116 Τ.
364 1063 486 1122 113.17.
508 1051 598 1136 πύκτῃ
616 1053 643 1110 τ’
654 1053 783 1128 ἐπιτιμᾶν
797 1055 872 1114 οὐδὲν
886 1054 969 1136 ἔργον
986 1053 1147 1138 μαχομένῳ.
1189 1059 1360 1119 Menander

216 1155 289 1215 ibid.
299 1152 335 1211 Τ.
350 1160 397 1212 43.
411 1159 458 1210 31.
472 1148 555 1230 ἔργον
570 1148 643 1222 ἐστι,
664 1152 764 1223 Πανία,
786 1151 791 1233 Ι
811 1151 920 1233 μακρᾰν
937 1150 1081 1222 συνήθειαν
1099 1151 1127 1211 ἐν
1143 1151 1258 1234 βραχεῖ
1271 1157 1357 1212 λῦσαι

216 1247 319 1331 χρόνῳ.
336 1247 504 1315 11111Φαν1α,
524 1257 555 1305 et
574 1245 694 1327 βραχεῖ,
712 1268 769 1326 pro
786 1246 815 1306 ἕν
834 1246 952 1329 βραχεῖ,
966 1246 1051 1306 dedit
1064 1248 1213 1308 Poreonus
1224 1249 1356 1310 Advers.

214 1367 245 1424 ρ.
256 1354 324 1415 291.
364 1343 458 1402 Deest
479 1343 563 1402 locus
584 1341 690 1402 Grotio
709 1344 741 1402 in
763 1344 932 1423 Florilegio,
954 1355 1075 1404 notante
1094 1345 1243 1416 Porsono:
1263 1347 1358 1407 habet

215 1455 315 1501 tamen
341 1439 417 1498 Exc.
440 1459 470 1517 p.
492 1447 558 1508 759.
594 1439 647 1498 ubi
673 1441 762 1497 Φανία
789 1451 820 1500 et
842 1441 958 1521 βραχεῖ
985 1440 1094 1500 diserte
1125 1443 1270 1521 scriptum
1298 1455 1357 1503 est.

215 1535 305 1610 Quod
320 1535 485 1594 Porsonum
499 1534 614 1594 fefellit
657 1535 703 1593 lta
718 1537 807 1595 etiam
821 1535 955 1595 Clericus
976 1556 1006 1614 p.
1020 1544 1087 1603 270.
1128 1536 1208 1596 Vide
1221 1539 1355 1598 infrsed

214 1630 375 1692 Menandri
390 1631 508 1708 Frngm.
523 1631 626 1689 111.n.
641 1639 668 1690 2.

292 1745 423 1822 ⁸Vulgo
444 1743 473 1803 ἐν
497 1741 584 1824 ἡμέρᾳ
612 1743 643 1804 δέ
664 1748 713 1823 μιᾷ
739 1745 763 1802 δ.
791 1746 843 1805 sed
875 1746 925 1824 μιᾷ
953 1745 1046 1805 deleri
1076 1745 1169 1824 jussit
1199 1747 1355 1807 Porsouus

214 1841 341 1900 Advers.
357 1860 387 1918 p.
401 1846 468 1899 303.
491 1838 570 1916 quod
591 1850 623 1897 et
642 1840 785 1898 omittunt
798 1839 890 1899 MSS.
905 1840 992 1900 Voss.
1010 1842 1116 1899 Arsen.
1133 1842 1170 1899 A.
1189 1842 1353 1914 Maximus,

214 1938 303 1996 Frob.
343 1933 646 2048 VideGaisfordium.
689 1935 830 1994 Grotius:
851 1934 878 1994 ἐν
898 1933 986 2016 ἡμέρᾳ
1005 1935 1034 1995 δὲ
1050 1937 1099 2014 μιᾷ
1120 1935 1270 2017 διαφορεΐν.

759 2237 801 2301 V.

362 2419 492 2496 Καινοῦς
518 2419 650 2520 πορίζου
672 2421 754 2518 πρός
778 2455 818 2502 με
842 2421 923 2518 πρὸς
946 2424 1046 2493 θεῶν1
1071 2420 1172 2507 deuiis,

354 2539 404 2608 iva
427 2538 502 2610 ‘rods
527 2537 685 2616 παλαιοῦς
706 2538 751 2623 wi
777 2538 927 2641 ἕπνορκῇς
950 2536 1116 2617 πολλάκις.

873 2661 993 2728 ΘΕΩΝ
1019 2662 1195 2730 ΑΓΟΡΑι.

930 2784 1024 2863 Apud
1039 2784 1132 2844 Suos.
1148 2784 1184 2842 T.
1197 2792 1244 2846 28.
1260 2795 1305 2846 11.

286 2963 294 2994 ¹
315 2963 419 3024 Malim
437 2966 479 3025 sic
499 2966 702 3043 distinguere:
740 2962 809 3044 πρός
829 2989 873 3037 με,
896 2963 958 3041 (vel
981 2963 1051 3045 npdc
1077 2963 1139 3043 ἐμὲ)
1167 2963 1239 3046 πρδο
1265 2967 1343 3037 desis,

206 3069 237 3120 et
257 3079 326 3118 mox
347 3059 387 3134 μνί
405 3059 538 3142 ’πιορκῇα
579 3061 680 3138 Vulgo
703 3070 843 3138 corrupte
866 3060 935 3140 πρός
957 3083 992 3131 με
1015 3059 1093 3130 desis,
1114 3060 1195 3139 quod
1218 3060 1251 3120 111
1272 3061 1343 3142 rpo‘s

202 3179 238 3227 με
255 3156 312 3214 τᾶν
329 3154 396 3214 θεῶν
411 3155 540 3215 mutavit
558 3154 722 3224 Hertelius,
737 3153 789 3231 qui
806 3164 903 3213 totum
917 3173 1037 3214 versum
1059 3153 1102 3215 sic
1119 3155 1224 3214 vertit:
1247 3155 1343 3216 Nouos

203 3250 272 3310 mili
283 3272 317 3310 ec
330 3250 386 3310 diis
398 3250 550 3330 suppedito
563 3252 635 3310 deos.
676 3247 745 3328 πρός
758 3246 806 3321 ἐμὲ
822 3260 903 3308 verte
916 3248 1009 3327 Angl.
1024 3248 1054 3308 in
1064 3269 1138 3330 pour
1151 3251 1341 3311 transcedens

203 3347 269 3407 mitt
295 3368 346 3418 me,
374 3345 444 3428 πρός
470 3347 538 3406 θεῶν
561 3343 634 3426 fore
659 3345 782 3404 heaven!
822 3344 1003 3424 Quanquam
1024 3345 1158 3426 suspicor
1178 3345 1340 3426 legendum

202 3463 282 3504 esse:
305 3441 375 3526 πρδς
397 3439 431 3500 σε’
450 3441 507 3500 τῶν
524 3441 600 3510 θεῶν,
619 3461 671 3520 per
688 3439 998 3518 noscendaque
1017 3439 1147 3499 formula
1166 3440 1340 3502 consulendi

202 3548 272 3597 sunt
284 3537 427 3599 Valcken.
441 3537 480 3597 sd
497 3537 604 3616 Eurip.
619 3535 722 3594 Phoen.
739 3534 822 3607 1659.
844 3535 948 3594 Monk.
966 3534 1005 3593 sd
1023 3535 1119 3614 Hipp.
1134 3533 1201 3596 603.
1241 3536 1338 3616 AEque

201 3636 277 3693 bene
300 3634 407 3694 Graeeu
425 3643 494 3692 sunt
515 3630 586 3713 προς
606 3631 674 3691 dello
694 3641 725 3690 et
746 3630 816 3711 προς
837 3633 894 3690 τόν
914 3630 998 3690 teis:
1027 3631 1079 3692 sed
1099 3631 1226 3691 alterum
1242 3633 1338 3712 mgis

201 3731 346 3791 comicum
364 3741 418 3790 est·
458 3729 536 3789 Vide
550 3729 671 3788 Pol-son.
688 3727 793 3788 Tracls
804 3749 835 3808 p.
849 3735 916 3789 302.
959 3727 1050 3808 Soph.
1065 3727 1137 3786 OEd.
1152 3727 1269 3790 Med.
1289 3728 1337 3803 μῆ,

202 3824 270 3904 πρδο
284 3825 359 3896 dcliv,
379 3825 489 3907 φρονοῖν
502 3822 528 3898 γ’
541 3821 745 3905 ἆποστραφῇς.
786 3823 971 3903 Aristophon
981 3823 1093 3884 Athen.
1106 3819 1164 3884 IV.
1175 3843 1207 3902 p.
1222 3822 1287 3885 161.
1301 3825 1336 3885 Ε.

202 3919 272 4003 rpds
293 3926 349 3982 τὸν
373 3923 449 3994 θεοῖν,
477 3919 590 3994 οἰόμεθα
615 3917 680 3978 vods
702 3918 790 3980 πάλαι
809 3918 906 4000 ποτὲΙ
930 3919 995 3978 ‘rods
1019 3915 1236 3998 Πνθαγοριστᾶς
1258 3945 1336 3996 γενο-

199 4017 290 4092 μένους
310 4019 397 4077 οὕτως
416 4019 507 4099 plastis
527 4017 532 4102 Ι
551 4016 674 4088 ἑκόντας,
695 4043 719 4074 κ.
733 4042 761 4073 τ.
775 4027 802 4074 λ.

670 4241 867 4256 a*
