2990 5010
211 242 279 305 104
380 253 627 304 coulconuu
652 251 883 300 aamconuu
906 250 1168 299 ruaouaura.

214 431 301 492 XIV.
314 448 344 512 'p-
358 431 423 492 643.
437 433 476 489 D.
490 432 526 490 E.
554 429 626 488 πολν’
644 430 668 503 γ’
694 429 755 489 ἐστὶ
781 428 891 488 πάντων
916 431 972 487 ταῖν
995 429 1117 500 ποιητιῖν
1143 427 1280 510 διάφορος
1302 429 1309 508 Ι
1329 428 1352 486 o'

215 527 371 608 Φιλόξενος.
396 527 435 585 τα
458 531 561 608 πρῶτα
586 525 634 600 μὲν
660 525 714 607 γαρ
738 525 867 599 ὀνόμασιν
887 525 893 606 Ι
912 527 1001 584 ἰδίοισι
1025 526 1068 584 καὶ
1091 534 1204 585 καινοῖσι
1231 527 1347 608 χρῆται

215 627 374 706 πανταχοῦ.
396 623 401 706 Ι
420 622 518 686 ἔπειτα
542 621 582 681 ed
601 621 670 692 με’λη
688 623 863 697 μεταβολαῖς
883 623 927 682 καί
947 621 1092 702 χρώμασιν
1113 622 1119 702 Ι
1138 622 1172 682 ais
1193 618 1222 680 εὖ
1243 619 1348 702 κε’κρα-

213 746 271 779 ται.
295 721 356 780 θεδς
378 719 406 780 ἔν
426 719 608 802 ἀνθρώποισιν
632 718 664 790 ἦν
684 719 690 800 Ι
709 717 816 792 ἐκεῖνος,
838 719 909 778 eihais
932 718 984 788 τ’νΙν
1005 719 1112 788 α’ληθιιῖς
1129 717 1267 790 μουσικήν.
1291 717 1298 800 Ι
1319 723 1348 776 oi

213 818 255 874 νῦν
276 815 305 875 δὲ
323 813 522 885 κισσοτληκτιί
539 815 582 872 sai
600 823 713 894 κρηναῖα
728 815 771 871 καὶ
792 814 797 894 Ι
816 812 1029 872 ἀνθεσιπότατα
1049 812 1134 887 μέλεα
1151 811 1258 887 μελέοις
1276 813 1345 872 δνό-

212 936 280 984 μασι
302 910 306 992 Ι
327 911 451 970 ποιοῦσιν
475 909 655 984 ἐμπλέκοντες
678 908 816 989 α’λλότρια
839 908 918 984 μέλη.
958 911 1065 970 Confer
1084 920 1115 969 et
1133 909 1345 991 Antiphonem

214 1008 323 1066 Athen.
338 1007 378 1065 X.
391 1028 421 1086 p.
435 1014 501 1077 449.
523 1006 634 1064 B.—D.

289 1111 301 1140 ⁴
320 1108 375 1188 γαρ
396 1108 472 1168 ἐστίν
498 1107 613 1170 Athen..
630 1130 660 1187 p.
674 1109 740 1179 659.
780 1108 859 1168 Vide
880 1109 957 1169 infra
977 1130 1006 1167 rr.
1025 1109 1069 1170 16
1084 1128 1173 1188 supra
1192 1109 1232 1168 ad
1250 1110 1346 1168 Auti-

212 1204 318 1285 phanis
345 1205 462 1282 Fragm.
486 1205 577 1262 XIII.
601 1225 631 1264 n.
654 1213 679 1262 1.
701 1204 817 1262 Gnome
842 1203 1015 1284 μονόστιχοι
1042 1204 1183 1266 Menaud.
1207 1204 1346 1264 Meiuelr.

212 1322 242 1380 p.
257 1309 323 1369 329.
345 1299 417 1357 ὅπου
437 1298 490 1375 βία
511 1297 656 1378 πάρεστιν,
678 1298 753 1356 oridia
773 1297 861 1379 ίσχῦει
883 1299 972 1372 νόμος.
1012 1299 1065 1357 Ad
1085 1320 1175 1378 quam
1196 1299 1238 1359 sle
1257 1309 1347 1357 notat

213 1396 397 1455 Meinekiua:
433 1396 514 1454 “nisi
538 1395 609 1452 ὅπου
631 1395 669 1454 ad
692 1395 907 1473 praecedentem
930 1407 983 1456 aut
1002 1394 1081 1469 νόμος
1103 1396 1142 1453 ad
1165 1405 1343 1473 sequentem

213 1511 331 1550 versum
353 1490 507 1570 pertinuit,
525 1491 610 1551 scrib·
631 1477 696 1566 βίας
715 1488 867 1570 παρούσης,
885 1501 937 1549 aut
952 1490 1005 1567 βία
1024 1490 1120 1549 ’στιιι”
1159 1491 1208 1549 Ex
1229 1489 1346 1568 quibus

213 1586 316 1663 liquet,
331 1585 534 1664 penultimam
548 1586 631 1644 verbi
651 1584 740 1666 ίσχία
756 1605 812 1664 pro
827 1586 911 1644 brevi
926 1586 1037 1663 syllaba
1050 1585 1144 1664 accipi
1161 1605 1248 1664 posse
1262 1584 1345 1644 Mei-

213 1683 335 1742 nekium
354 1683 542 1742 existimasse.
568 1667 658 1754 'Quae
676 1693 775 1741 tamen
794 1702 909 1760 semper
927 1682 1071 1761 producta
1090 1682 1208 1760 legitur.
1249 1679 1346 1760 Soph.

212 1779 263 1858 Aj.
281 1786 363 1847 1409.
378 1785 437 1848 ταῖ,
457 1775 492 1834 <ni
508 1777 537 1836 δὲ
551 1777 659 1860 πατρός
673 1776 707 1850 γ’,
723 1777 791 1834 ὅσον
804 1775 915 1856 lexicis,
935 1775 940 1857 Ι
961 1776 1096 1855 φιλότητι
1116 1773 1205 1849 illyria,
1227 1803 1252 1834 ιι.
1266 1801 1296 1834 τ.
1310 1787 1343 1833 λ.

215 1874 414 1932 Buttmannus
425 1872 560 1951 conjicit:
581 1871 653 1930 ὅπου
664 1871 717 1947 βία
731 1869 805 1952 πάρ’,
820 1871 875 1929 οὐδ.
889 1879 905 1930 ί.
920 1899 940 1930 ν.
975 1873 1124 1951 Equidem
1139 1871 1344 1950 conjeceram:

212 1969 285 2026 ὅπου
310 1967 362 2042 βία
385 1965 450 2047 γαρ,
477 1966 532 2025 oid.
551 1973 567 2023 i.
586 1995 608 2024 ν.
651 1967 709 2027 Sed
732 1967 818 2026 unice
840 1987 944 2027 verum
965 1977 1009 2026 est
1029 1965 1095 2041 βίας
1117 1964 1269 2046 παρούσης,
1291 1965 1342 2025 cui

213 2085 270 2146 pro
292 2064 466 2142 glossemate
487 2063 685 2142 superscripta
708 2073 777 2122 sunt
798 2063 855 2121 ista
880 2061 951 2121 ὅπου
972 2063 1023 2139 βία
1044 2061 1188 2143 πάρεστιν,
1207 2062 1240 2120 in
1261 2082 1344 2121 vene

213 2161 348 2221 lectionis
360 2161 458 2219 locum
471 2159 660 2238 postmodum
669 2159 791 2218 intrusa.
832 2159 941 2238 Neque
953 2161 1037 2220 aliter
1048 2163 1083 2220 R.
1098 2160 1199 2239 steph.
1213 2159 1342 2218 ΓΝΩΜ.

215 2254 400 2314 ΜΟΝΟΣΤ.
419 2277 449 2334 p.
465 2264 509 2315 15.
534 2254 649 2314 Hertel.
667 2277 697 2334 p.
711 2262 757 2326 92.
781 2255 936 2335 H.‚Steph.
954 2257 1037 2316 Com.
1056 2256 1109 2316 Gr.
1128 2255 1208 2314 Sent.
1226 2275 1258 2334 p.
1273 2261 1343 2314 340.

215 2354 301 2430 Grot.
316 2354 386 2412 Eac.
399 2373 429 2430 p.
442 2360 510 2422 937.

292 2457 413 2535 ‘Angl
437 2456 550 2535 lacking
576 2454 648 2535 big;
679 2456 746 2516 mitit
768 2479 806 2516 aa
824 2457 871 2518 air
892 2459 929 2539 eff
947 2459 1126 2537 importante.
1172 2457 1343 2518 Simonides

211 2551 292 2630 apud
307 2551 379 2610 Poll.
393 2552 435 2609 II.
449 2549 496 2611 65.
515 2550 534 2621 ἢ
556 2550 671 2629 τνφλδς,
692 2551 710 2622 ἥ
730 2577 770 2610 τις
792 2553 911 2623 σκνιπδς,
930 2552 948 2624 si
966 2550 1037 2626 μέγα
1056 2549 1181 2628 βλέπων.

289 2663 299 2692 ⁶
319 2663 405 2720 “Pro
425 2661 503 2720 edita
524 2663 668 2741 scriptura
687 2663 851 2736 γιγνόσκειν,
870 2663 960 2723 habet
980 2661 1117 2737 γινώσκειν
1138 2662 1204 2722 ΜΒ.
1217 2665 1258 2722 A.
1279 2685 1341 2742 qua

211 2759 249 2818 de
265 2757 410 2836 scriptura
423 2757 490 2817 vide
501 2759 644 2818 Valcken.
654 2760 692 2818 ad
707 2758 848 2817 Phoeniss.
862 2759 944 2830 1396.
957 2770 988 2818 et
998 2759 1127 2818 Brunclr.
1138 2758 1339 2839 adAristoph.

215 2857 288 2915 Ran-
303 2856 367 2914 523¹
395 2854 691 2914 Scuwaroaausau.
720 2855 795 2914 Vide
806 2876 895 2934 supra
906 2855 945 2915 ad
958 2855 1092 2916 Alexidis
1106 2856 1225 2934 Fragm.
1236 2856 1340 2916 XVII.

211 2970 241 3009 n.
257 2958 283 3009 4.

290 3045 301 3077 ⁷
321 3044 490 3104 Certissima
502 3055 547 3104 eat
559 3045 684 3104 Bentleii
698 3045 873 3115 emendatio,
887 3047 919 3104 in
933 3047 1000 3104 Ter.
1013 3044 1109 3105 Andr.
1123 3046 1148 3103 I.
1167 3053 1192 3104 1.
1213 3053 1260 3118 59.
1275 3067 1339 3126 aeq.

213 3141 255 3201 sic
276 3141 417 3219 legentis:
439 3141 593 3200 Plzaedrum
612 3149 663 3199 aut
681 3140 802 3200 Cliniam
820 3150 870 3201 αιιί
893 3141 899 3222 Ι
919 3141 1083 3200 Niceratum
1102 3140 1252 3210 dimicat,-
1273 3163 1341 3202 nan

211 3235 243 3295 lu·
261 3242 318 3294 tres
338 3242 394 3293 lam
413 3235 496 3294 α’νιιιί
514 3234 519 3314 Ι
541 3233 681 3295 amabant.
721 3236 839 3315 Vulgo:
862 3237 1015 3295 Phaedram
1028 3244 1077 3296 aut
1093 3235 1217 3296 Cliniam
1238 3237 1244 3315 Ι
1263 3239 1338 3298 dice·

211 3331 288 3398 bont,
309 3337 358 3389 out
380 3329 564 3398 Niceratum
595 3351 670 3400 nam,
694 3333 746 3391 &e
771 3332 856 3409 quasi
877 3329 915 3389 τὰ
935 3331 1099 3391 Niceratum
1122 3351 1177 3410 pro
1198 3331 1296 3393 ionico
1320 3355 1339 3394 a

210 3427 323 3486 minore
337 3424 482 3484 venditari
492 3425 594 3502 possit.
634 3425 922 3486 Pseudo-Philemon
936 3425 1017 3504 apud
1026 3426 1122 3485 Clem.
1133 3425 1218 3486 Alex.
1228 3425 1337 3487 Strom.

211 3521 251 3580 V.
271 3543 304 3600 p.
316 3529 384 3582 258.
405 3528 451 3580 30.
468 3520 550 3598 Sylb.
564 3531 594 3579 et
608 3520 784 3581 Theodoret.
799 3523 834 3580 T.
849 3520 906 3580 lv.
926 3542 958 3600 p.
972 3529 1037 3582 854.
1054 3521 1123 3580 Hal.
1146 3523 1196 3581 οἴει
1218 3519 1254 3580 ον’
1273 3521 1338 3582 wls

211 3615 355 3682 θανόντας.
372 3611 559 3694 ιῖΝικιίρατε,
574 3641 598 3672 ι.
612 3641 640 3671 τ.
654 3627 681 3672 λ.
722 3616 782 3690 Qui
802 3637 872 3676 vero
893 3616 1023 3675 Stratoni
1040 3615 1089 3675 hic
1108 3627 1287 3678 memoratm
1306 3619 1337 3678 iu

212 3713 403 3772 convivarum
422 3729 545 3768 numero
565 3709 733 3782 Niceratus,
754 3711 850 3770 Niciae
870 3721 954 3790 pater
974 3711 1041 3782 fuit,
1061 3721 1136 3770 teste
1157 3712 1266 3772 Athen.
1280 3711 1339 3772 Vl.

211 3827 242 3886 p.
259 3817 325 3876 272.
340 3809 373 3866 C.
414 3805 596 3875 Niceratum,
611 3805 707 3866 Niciae
725 3807 827 3876 filium,
844 3807 978 3866 meminit
991 3807 1145 3866 Demosth.
1160 3829 1185 3869 c.
1199 3808 1276 3870 Mid.
1290 3808 1340 3870 26.

213 3903 362 3963 Philinum
394 3912 494 3963 autem
522 3901 662 3962 credibile
687 3915 732 3963 est
758 3903 920 3962 Nicostrati
952 3915 1066 3982 patrem
1099 3906 1201 3977 fuisse,
1232 3905 1340 3966 collato

216 3997 319 4057 eodem
338 3997 410 4058 ibid.

290 4108 301 4138 ¹
321 4108 399 4168 “Ille
416 4128 481 4170 uero
494 4108 640 4188 indignari
657 4111 747 4191 coepit,
765 4117 791 4166 et
809 4128 888 4167 mam
908 4109 1045 4190 injuriam
1059 4111 1250 4192 interpretari,
1264 4111 1339 4192 quod

215 4201 319 4264 nauum
341 4223 475 4262 νοοαιιαιι
494 4204 533 4262 ad
553 4225 657 4264 conam
677 4204 878 4284 doelymouem.”
919 4205 1096 4268 Casavaou.
