2990 5010
219 325 284 391 133
377 337 629 388 conmonuit
658 331 895 389 onmconun
923 339 1192 391 rusounurs.

218 521 272 602 ζεῖν
293 518 471 601 διευτύχησεν
489 520 531 592 oie,
557 520 562 601 Ι
581 521 599 579 o‘
619 519 740 579 θάνατον
763 521 811 578 οὐκ
834 520 959 601 ἄκαιρον·
980 529 1003 581 εἴ
1022 522 1043 580 δ’
1058 521 1170 596 ἤνεγκεν
1188 521 1225 582 do
1244 523 1251 602 Ι
1272 521 1362 584 οὗτος

216 615 235 672 o‘
251 616 315 692 βίος
335 642 363 673 τι
387 616 444 676 ταῖν
462 616 629 688 ἀνηκέστων,
649 617 715 675 ’ἴσως
737 616 742 697 Ι
761 616 847 676 cirris
867 619 921 675 σου
943 615 1055 690 γέγονεν
1074 617 1262 698 εὐνούστερον.
1305 619 1359 678 Ad

164 779 169 788 ι
216 731 307 790 quem
328 712 370 772 sic
393 723 477 772 notat
497 711 685 772 Meinekius:
714 713 917 772 “Postremus
940 733 1045 773 versus
1066 714 1261 791 quaestione
1284 733 1360 792 pro-

136 871 138 878 .
214 808 352 868 habiliter
365 809 515 868 emendari
529 807 632 886 possit,
651 808 689 867 ab
708 808 773 868 aliis
789 829 838 868 me
858 809 958 868 doceri
977 810 1078 880 velim,
1095 809 1153 868 nisi
1174 811 1252 868 forte
1267 810 1359 868 initio

214 904 390 964 exciderunt
415 905 507 963 verba
534 901 553 960 o‘
576 900 708 961 θάνατος.
748 903 793 962 At
816 905 916 983 primo
938 925 1026 964 versu
1052 924 1113 962 non
1140 905 1248 962 dubito
1277 905 1356 982 quin

214 1010 295 1060 reete
307 998 498 1060 scribendum
511 999 704 1078 conjecerim:
726 996 778 1056 εἶτ’
796 1005 818 1057 ei
835 997 884 1074 μὲν
902 999 1002 1071 εἰδείην,
1021 999 1068 1058 ὅτι
1087 1001 1193 1058 τοῦτον
1209 999 1263 1058 τᾶν
1275 999 1356 1074 βίον.

214 1095 382 1175 Vulgstum
401 1095 477 1154 illud
502 1115 562 1154 non
581 1094 677 1172 magis
696 1096 854 1154 ferendum
874 1117 937 1156 esse
957 1106 1081 1167 constat,
1106 1115 1197 1176 quum
1216 1096 1303 1174 quod
1322 1097 1356 1155 in

212 1191 271 1250 inc.
284 1202 381 1270 poetae
393 1210 483 1250 versu
496 1189 578 1269 apud
591 1190 713 1250 Suidsm
728 1190 768 1249 II.
782 1212 812 1270 p.
827 1199 892 1252 553.
912 1191 1039 1269 legitur:
1059 1189 1098 1265 μή
1110 1195 1160 1266 μοί
1176 1191 1244 1249 τοτ’
1260 1189 1356 1272 dadis,

212 1285 278 1345 ἅττ’
296 1285 352 1358 iqui
376 1284 497 1365 πράττω
524 1287 622 1357 καλαῖς,
650 1286 703 1344 ubi
729 1284 802 1343 ὅταν
827 1287 1045 1347 scribendum.”
1086 1286 1123 1346 In
1142 1285 1242 1365 primo
1261 1307 1354 1346 versu

212 1383 287 1460 legit
298 1382 460 1460 Reisigius:
480 1381 558 1462 ᾔδεα,
572 1382 617 1440 ὅτι
632 1383 783 1444 τοσοῦτον.
803 1383 883 1442 Vide
892 1383 1028 1463 suprsad
1038 1383 1354 1462 AntiphauieFrsgm.

213 1478 268 1537 VI.
282 1487 309 1538 2.
349 1477 464 1536 Ultimo
483 1478 583 1538 versui
604 1499 691 1538 voces
712 1478 730 1536 ὁ
750 1476 869 1536 θάνατος
893 1478 1003 1538 diserte
1025 1477 1156 1558 praefigit
1176 1478 1353 1539 Meinekiuo

211 1574 250 1633 ed
275 1574 416 1633 Menand.
439 1594 469 1652 p.
491 1580 558 1633 302.
608 1574 644 1632 In
671 1573 803 1634 secundo
828 1571 1013 1654 διηυτύχησεν
1039 1572 1267 1634 rescribendum
1293 1587 1352 1634 est.

211 1670 290 1730 Vide
303 1670 427 1730 Porson.
439 1669 478 1728 ed
491 1670 595 1748 Eurip.
609 1667 685 1729 Hec.
701 1677 785 1740 1198.

268 1782 462 1841 ⁸“Stobaeus
476 1779 581 1838 πάντα.
616 1781 698 1840 Corn.
712 1781 811 1841 Bentl.
825 1783 930 1860 nst?
963 1780 1116 1840 Mnruurr.
1149 1780 1238 1841 certe
1251 1781 1353 1840 πάντα

212 1879 322 1940 Stoboei
335 1879 382 1939 ed.
396 1877 534 1936 Triumv.
546 1877 599 1936 sed
612 1883 647 1936 ete
661 1874 755 1935 πάντα
768 1877 856 1955 plene
869 1877 989 1936 exhibet
1004 1876 1051 1936 ed
1068 1876 1192 1936 Gesner.
1206 1877 1351 1948 secunde,

209 1985 300 2056 prout
314 1973 409 2034 edidit
427 1973 601 2054 Wulpolius.
649 1973 830 2044 Bentleium‚
848 1971 964 2031 ἅπαντα
984 1972 1192 2050 corrigentem,
1211 1973 1352 2051 sequitur

205 2071 390 2144 ,Meinekius
430 2070 490 2132 Sed
504 2080 535 2130 et
551 2071 678 2140 ἅπαντα,
688 2069 752 2148 jam
768 2079 837 2128 ante
857 2069 1038 2139 Bentleium‚
1054 2070 1126 2129 olim
1144 2069 1268 2129 dederet
1280 2071 1352 2130 Μο-

208 2168 308 2237 relius,
323 2176 465 2247 sequente
479 2166 520 2226 H.
535 2165 693 2245 Stephano.

266 2281 349 2338 ⁴“e2
379 2278 407 2338 δὲ
433 2275 494 2352 μηδ’
531 2276 648 2356 [Immo
673 2276 712 2350 un*
731 2275 752 2335 δ’
771 2278 802 2340 ιΙ.
817 2277 874 2358 Β.]
894 2275 1007 2337 ἑαυτοῦ.
1062 2275 1182 2355 Reliqui
1208 2275 1349 2336 vitiosam

208 2377 292 2437 Stob.
305 2376 472 2436 lectionem.
509 2374 601 2433 Gesn.
614 2373 646 2432 in
658 2393 752 2452 marg.
771 2379 793 2431 εἰ
813 2372 834 2430 δ’
851 2371 908 2431 οὐδ’
921 2371 1033 2432 ἑαυτοῦ.
1076 2373 1173 2432 Bentl.
1192 2379 1216 2431 et
1233 2371 1255 2430 δ’
1270 2371 1351 2432 οὖδέν

206 2473 306 2532 αὑτοῦ.
348 2471 476 2532 Schowii
490 2469 576 2530 codd.
600 2475 623 2528 εἷ
643 2468 663 2528 δ’
682 2469 714 2527 οὗ
736 2470 866 2530 σεαυτοῦ.
907 2469 992 2528 Grot.
1010 2476 1032 2528 ei
1046 2468 1106 2543 μηδ’
1118 2467 1229 2528 ἑαυτοῦ.
1270 2470 1350 2529 Por·

207 2590 270 2630 son.
284 2568 364 2628 Adv.
376 2588 407 2646 p.
422 2575 468 2627 43.
490 2565 539 2644 [et
551 2564 681 2644 Wulpol.
694 2586 724 2644 p.
738 2573 785 2626 33.
798 2565 830 2627 J.
844 2563 901 2645 Β.]
929 2564 950 2624 d
973 2563 1004 2623 δὲ
1026 2563 1066 2637 μοὶ
1090 2563 1224 2622 σεαυτοῦ.
1264 2565 1348 2624 Pre-

206 2665 300 2724 feram
321 2662 417 2722 Bentl.
439 2661 611 2722 rationem.''
653 2661 803 2720 Mnruun.
824 2660 930 2738 quiin
952 2659 1093 2719 Addend.
1114 2669 1145 2719 et
1168 2660 1348 2739 Corrigend.

207 2759 249 2819 sic
271 2757 389 2819 scribit:
412 2756 550 2817 “Stoboei
563 2756 652 2816 lectio
665 2765 710 2815 est
723 2753 832 2814 ἑαυτόν.
874 2755 998 2814 Grotius
1013 2754 1135 2814 demum
1148 2775 1165 2814 e
1179 2754 1245 2814 MS.
1259 2755 1349 2816 dedit

204 2854 317 2914 ἑαυτοῦ.
357 2852 466 2932 Neque
485 2852 575 2912 Gesn.
597 2851 629 2910 in
648 2851 783 2928 margine
805 2851 921 2910 notavit
946 2856 969 2908 εἰ
992 2848 1013 2908 δ’
1036 2848 1091 2907 οὐδ’
1110 2848 1223 2922 ἑαυτοῦ,
1244 2852 1299 2910 sed
1322 2859 1348 2912 εἰ

205 2949 227 3008 δ’
252 2948 306 3007 οὔδ’
327 2947 436 3007 ἑαυτὸν.
476 2947 556 3008 Vera
567 2947 656 3007 lectio
675 2946 739 3005 sine
760 2946 959 3006 controversia
974 2955 1019 3006 est
1036 2967 1080 3015 es,
1102 2965 1192 3024 quam
1211 2947 1345 3006 Schowii

204 3047 340 3126 prebent
361 3043 464 3113 codd„
492 3049 514 3101 εἰ
540 3040 561 3099 δ’
581 3040 614 3099 od
639 3041 772 3100 σεαυτοῦ.
804 3040 937 3119 Negatio
957 3060 1018 3100 non
1040 3040 1079 3100 ed
1104 3050 1196 3100 totam
1223 3053 1345 3102 senten·

203 3141 276 3201 tiam
300 3148 422 3219 spectat,
445 3137 498 3198 sed
520 3137 559 3196 sd
580 3137 712 3207 σεαυτοῦ,
733 3134 816 3194 utin
839 3136 983 3214 exemplis
1003 3135 1085 3215 apud
1107 3135 1282 3196 Jacobsium
1301 3139 1343 3198 ed

203 3235 327 3297 Anthol.
346 3233 439 3293 Pelet
452 3253 483 3312 p.
496 3239 562 3293 832.
588 3231 641 3290 ubi
662 3229 745 3310 quod
765 3230 859 3308 vulgo
880 3230 981 3290 editur
1002 3235 1024 3289 εἰ
1045 3229 1067 3288 δ’
1092 3227 1149 3301 οὖν,
1171 3230 1218 3289 rin
1240 3233 1342 3308 mim,

202 3341 284 3392 recte
300 3340 402 3390 tuetur
417 3328 465 3388 vir
482 3326 622 3406 egregius
639 3324 798 3385 Addendis
813 3346 843 3404 p.
858 3324 924 3387 XC?
942 3326 995 3386 sed
1014 3327 1128 3385 fallitur
1145 3326 1227 3387 huuc
1250 3348 1341 3388 usum

202 3427 364 3488 senioribus
383 3425 505 3484 demum
521 3421 716 3501 scriptoribus
729 3421 874 3482 tribuens.
914 3420 950 3482 V.
964 3421 1121 3502 Sophoclis
1134 3423 1239 3502 Antig.
1253 3427 1340 3492 718?

201 3572 253 3623 “ei
269 3563 300 3624 te*
314 3507 353 3638 dii
370 3564 492 3621 recurari
504 3562 541 3619 A.
565 3565 588 3619 ei
600 3559 622 3618 δ’
634 3558 667 3618 οὔ
679 3565 802 3620 σεαυτοῦ
814 3561 849 3620 Β.
862 3581 902 3620 m.
916 3563 991 3622 sec·”
1012 3561 1189 3622 Gslsronn·
1217 3571 1238 3598 “
1246 3562 1338 3624 Men·

200 3662 292 3722 dotus
317 3669 364 3720 est
383 3657 435 3718 iile
458 3656 616 3716 Menandri
642 3677 756 3728 versut,
782 3677 872 3738 quem
898 3658 941 3717 ita
965 3655 1128 3735 legendum
1154 3677 1269 3732 censeo,
1303 3659 1338 3718 Ei

200 3755 283 3830 μηδὲν
305 3754 402 3827 αὐτοῦ,
426 3755 477 3823 τῆς
497 3751 586 3832 τύχης
607 3750 638 3812 δὲ
659 3749 742 3811 πάντ’
760 3751 865 3833 ἔχειε.”
894 3752 936 3812 Η.
949 3751 1070 3812 Suen-
1109 3761 1128 3788 ‘⁴
1140 3753 1255 3826 Malim,
1272 3756 1336 3816 fere

200 3871 270 3913 cum
290 3851 405 3922 Grotio,
427 3854 450 3908 ei
470 3846 509 3923 μή
525 3846 546 3906 δ’
562 3846 768 3908 &amat-P
806 3847 909 3908 Donn-
943 3854 966 3908 ei
985 3846 1045 3921 μηδ’
1061 3846 1164 3908 decede
1182 3849 1334 3911 Morelitu.

201 3947 373 4007 Lectionem
394 3943 600 4004 Schowianom
620 3948 643 4000 et
663 3941 685 4000 δ’
702 3941 736 4000 οὗ
755 3945 887 4013 σεαυτοῦ,
905 3961 997 4020 quem
1012 3941 1137 4004 exhibet
1156 3945 1247 4004 etism
1268 3947 1335 4008 MS.

200 4041 234 4102 B.
248 4042 330 4122 spud
346 4039 495 4100 Gaisford.
510 4059 629 4102 smenu
642 4038 781 4111 secunde,
800 4049 831 4099 et
851 4057 950 4097 veram
967 4039 1034 4098 sine
1053 4041 1255 4122 controversie
1270 4062 1335 4102 esse

198 4138 241 4198 eit
262 4137 440 4208 Meinekius,
462 4136 627 4198 eoloecismo
646 4135 779 4194 laborare
796 4133 897 4193 nulius
913 4133 1028 4205 dubito,
1044 4136 1161 4196 umetsi
1179 4157 1265 4197 cereo
1280 4139 1333 4198 Je-

199 4231 292 4294 cobsii
313 4233 399 4292 ldrro.
440 4232 580 4311 Namque
604 4229 636 4318 οὐ
656 4228 821 4309 particule,
844 4235 956 4308 postet
978 4239 1114 4308 reperte,
1140 4231 1193 4291 ubi
1213 4233 1334 4312 negetio

198 4347 257 4389 non
276 4326 315 4390 ud
337 4325 545 4399 conditionem,
567 4345 657 4404 quam
677 4324 795 4386 sibimet
814 4325 849 4396 ie,
867 4326 920 4404 qui
937 4325 1080 4404 loquitur,
1099 4327 1262 4398 constituit,
1278 4327 1333 4390 sed
