2990 5010
573 336 886 390 uuusmscuus.
1070 353 1071 359 1
1253 331 1294 400 91

157 543 159 550 ·
238 517 259 548 ⁴¹
280 517 459 578 “Vitiosum
484 525 592 597 μακροῦ
622 520 734 582 omittit
761 521 795 579 G.
822 532 853 580 et
880 519 1082 580 Eustuthius.”
1117 520 1295 582 ·D1unons.

158 621 181 648 “
192 611 348 692 Hesychio
367 624 496 684 auctore,
518 613 607 696 μόρον
626 615 727 675 herbae
746 615 901 695 eujusdam
918 635 1027 678 nomen
1047 625 1106 674 est:
1127 615 1160 674 id
1181 617 1205 678 si
1226 615 1298 678 huic

158 705 225 766 Ιοοο
244 708 320 767 velis
336 711 568 780 accommodare,
582 709 664 788 quod
684 711 755 772 feeit
769 711 925 790 interpres,
939 729 994 789 per
1010 729 1058 770 me
1074 709 1152 770 lieet
1192 711 1297 772 Minus

158 811 258 861 tamen
272 805 393 881 probo.”
433 806 610 864 Cesennon.
650 806 773 883 Optime
790 805 861 866 huie
879 806 945 864 loco
958 789 1097 864 convenit
1109 805 1183 863 mari
1196 805 1297 866 herbae

159 915 277 968 nomen,
289 919 379 976 quum
393 900 523 980 speeiem
534 900 649 978 origani
664 900 771 980 (Angl.
780 899 893 982 origen,
907 920 1028 979 organy,
1043 897 1112 957 mitt
1124 901 1295 980 marjorom)

159 990 252 1052 fuisse
265 993 335 1052 satis
346 993 447 1072 ¹liquet
465 1014 502 1054 ex
525 993 753 1056 Plin.xl1.24.
794 996 851 1055 Est
870 995 949 1054 enim
969 993 1024 1072 (uit
1043 993 1105 1070 ille)
1124 991 1211 1053 herbo
1228 1016 1296 1054 eur·

158 1086 265 1160 culoso,
278 1090 358 1170 flore
382 1090 506 1169 origani,
532 1090 583 1149 sed
608 1091 776 1162 odoratiore,
792 1089 936 1173 foliisque
961 1089 1047 1150 multo
1073 1088 1295 1154 candidioribus.

159 1182 308 1261 Hesychii
330 1185 413 1244 loeus
435 1196 497 1244 est:
529 1183 640 1265 Μόρον.
668 1185 733 1267 ὅρος
757 1187 800 1244 κοί
823 1185 891 1244 κόο.
932 1185 1009 1257 Quis
1029 1194 1129 1242 autem
1151 1184 1188 1244 de
1211 1187 1295 1246 Maro

158 1290 260 1339 monte
282 1300 416 1358 unquam
441 1281 576 1341 audivit?
632 1282 763 1342 Ubinam
789 1281 925 1360 gentium
951 1281 1025 1340 situs
1050 1281 1118 1338 esti
1154 1279 1293 1359 Repone:

158 1371 272 1455 Μόρον.
299 1373 450 1455 όρείγανος,
477 1374 545 1434 πόα.
589 1375 711 1435 Scilicet
730 1375 849 1457 όρείγαν“
870 1376 902 1434 in
929 1375 1059 1454 quodam
1086 1373 1188 1434 codice
1214 1396 1293 1435 com-

157 1478 270 1557 pendio
284 1479 428 1559 scriptum
445 1493 499 1552 est,
518 1492 549 1541 et
566 1472 620 1556 {ra-v
635 1503 691 1562 pro
706 1481 749 1539 καὶ
766 1481 938 1541 festinanter
956 1482 1063 1542 sumsit
1074 1482 1222 1555 librarius,
1236 1473 1293 1566 ᾗ.

158 1574 190 1632 in
212 1572 277 1656 ὅρος
299 1576 436 1653 protinus
457 1587 579 1637 mutato.
619 1579 667 1638 De
688 1578 803 1656 abjecta
828 1576 1034 1636 terminatione
1058 1577 1127 1638 vide
1152 1580 1230 1640 infra
1256 1581 1294 1640 ed

158 1667 343 1730 Moschionis
363 1673 482 1750 Fragm.
496 1673 552 1732 IV.
566 1693 597 1731 n.
611 1683 638 1734 2.
653 1683 684 1732 et
701 1672 829 1732 Glossar.
844 1672 875 1730 in
893 1671 1127 1732 Hermesianact.
1140 1695 1171 1752 p.
1185 1682 1232 1735 30.
1246 1684 1293 1736 83.

158 1762 214 1822 Vei
240 1763 306 1844 ὅρος
330 1765 406 1824 nihil
431 1766 514 1826 aliud
540 1779 585 1827 est
607 1768 664 1827 nisi
688 1765 830 1847 ὀρείγονοο
852 1766 1029 1844 compendio
1052 1766 1244 1839 delineatum,
1263 1782 1294 1830 et

155 1858 281 1918 delenda
299 1871 345 1919 est
363 1861 457 1920 otiosa
474 1861 636 1940 particula:
666 1862 748 1940 quod
768 1860 873 1920 eodem
894 1859 982 1919 redit.

234 1971 256 2002 ⁴⁸
276 1979 293 2006 “
305 1971 349 2029 καὶ
362 1972 767 2034 delendum-scribebatur
780 1970 972 2052 βαρουλίνδοο.
1003 1969 1097 2052 βάρου
1107 1973 1182 2051 quid
1200 1974 1292 2051 signi·

157 2067 226 2127 ficet
242 2067 274 2126 in
289 2069 477 2128 annotatione
491 2069 715 2147 explicabitur.”
754 2068 914 2126 Drunour.
954 2067 1084 2148 “Βράθο,
1099 2068 1161 2127 sive
1176 2067 1292 2149 Βρόθυς,

158 2160 262 2220 Herba
282 2183 349 2240 quae
371 2162 481 2222 Sabina
502 2184 523 2222 s.
545 2162 655 2222 Savina
677 2161 787 2221 dicitur
804 2161 887 2220 Lat:
910 2161 962 2220 Gr.
979 2162 1037 2221 alio
1057 2161 1177 2222 nomine
1195 2161 1291 2244 Βόρκι-

156 2257 230 2336 θρον,
244 2256 347 2337 Βόρον,
358 2257 496 2338 Βάρακον,
510 2267 545 2318 ut
558 2268 603 2317 est
615 2279 661 2337 ap.
675 2257 776 2316 Diosc.
790 2266 815 2326 l,
832 2264 895 2316 105.
909 2267 940 2317 et
953 2277 1000 2335 up.
1010 2257 1103 2335 Apul.
1117 2256 1155 2316 de
1167 2257 1289 2317 Nomin.

154 2362 186 2411 et
206 2351 319 2411 Virtut.
336 2353 431 2412 Herb.
467 2353 599 2425 Quidam
619 2365 650 2412 et
668 2350 814 2434 βάραθρον
833 2353 932 2411 vocari
945 2351 1039 2430 aiunt.
1082 2351 1156 2410 Plin.
1178 2362 1291 2424 24‚11.

155 2446 259 2506 Herba
277 2447 394 2518 Sabina,
413 2448 524 2526 Brathy
539 2448 687 2527 appellata
703 2469 721 2506 a
738 2447 802 2516 Gn,
816 2446 945 2506 duorum
959 2466 1104 2524 generum
1118 2457 1178 2506 est:
1200 2447 1291 2508 altera

153 2541 287 2604 tamarici
313 2543 416 2602 similis
443 2543 523 2615 folio,
550 2543 642 2603 altera
668 2563 816 2622 cupresso.
866 2542 967 2614 Quare
994 2541 1116 2620 quidum
1142 2542 1289 2604 Creticam

154 2659 328 2717 cupressum
355 2639 521 2699 dixerunt.”
569 2639 611 2698 H.
634 2638 755 2697 Souna.
803 2637 990 2716 Hesychius:
1024 2637 1129 2718 Βροθιί.
1160 2638 1220 2697 πόα
1250 2640 1290 2700 τίς

152 2734 223 2792 θεοῖο
246 2731 367 2806 θοορὲνη.
408 2733 569 2814 iuniperus
595 2733 705 2793 Sabino
732 2743 778 2792 est
800 2733 934 2802 Linnaeo,
957 2743 1033 2792 teste
1056 2733 1245 2794 Schneidero.

230 2847 252 2880 ⁴⁴
272 2845 448 2906 Eustathius
469 2846 488 2906 1.
506 2867 531 2906 c.
559 2845 646 2904 λίνδος
667 2845 704 2916 δέ,
725 2845 843 2925 ἀνθηρόν
863 2867 892 2902 τι
916 2843 1017 2912 εόκνδὲς,
1041 2842 1180 2918 ὁμόνομον
1202 2847 1289 2929 Λίνδκρ

152 2941 191 3021 τῇ
211 2939 304 3018 Ῥοδίᾳ
323 2939 414 2999 πόλει.
434 2943 525 3013 μίνθος
543 2939 581 3014 δέ,
595 2940 627 3000 oi
647 2939 758 2999 πόντος
776 2937 880 3020 κόπρος
898 2939 916 3010 η’
933 2938 1014 3020 παρό
1029 2965 1066 3020 πη
1084 2940 1206 3022 κωμῳδίᾳ
1223 2941 1290 3024 παρ’

149 3034 289 3094 ὑπόνοιαν·
317 3035 379 3094 ἄλλ’
400 3037 418 3106 η’
438 3034 573 3111 λεγομένη
592 3033 785 3108 διαλελυμένας
803 3034 852 3107 μέν
869 3033 942 3093 καλό
963 3035 1032 3112 (sic)
1048 3036 1135 3109 μίνθη,
1155 3034 1290 3096 συνθέτως

150 3129 179 3191 δέ
193 3133 353 3204 καλαμίνθη.
393 3131 455 3211 περί
469 3130 499 3190 δέ
511 3131 598 3190 κίνδου
612 3128 759 3212 ζητητέον.
800 3130 1063 3210 Ὁμοιοκαπαληξία
1077 3129 1106 3190 δέ
1117 3130 1288 3204 senneber,

150 3225 195 3284 eoi
214 3225 261 3296 τό,
277 3224 366 3307 Topos
387 3226 507 3308 χλωρός,
525 3226 608 3308 πυρός
627 3225 723 3307 ξηρός,
741 3224 824 3306 πυρός
842 3223 957 3295 κοπτός,
976 3224 1058 3305 πυρός
1074 3225 1189 3306 ξυστός,
1207 3226 1289 3307 πυρός

149 3321 267 3394 τμητός.
305 3321 349 3383 έπν
371 3322 401 3382 δέ
423 3323 467 3380 καί
494 3323 540 3394 τό,
561 3321 619 3403 Αἲξ
640 3321 763 3402 ου’ρανία,
786 3325 859 3404 κριός
885 3326 993 3395 τομίας,
1017 3321 1123 3403 κόπρος
1148 3321 1287 3396 ἐκτομίας,

148 3415 176 3476 νίς
195 3416 229 3474 ori
248 3421 357 3490 τομίας.
398 3417 521 3477 Viden.
537 3426 562 3476 l.

227 3531 249 3562 ⁴⁵
269 3529 413 3608 Respexit
434 3529 655 3589 Mnesimaohus
676 3529 839 3589 Homerica
861 3525 941 3605 νέφος
963 3525 1052 3610 πέζαν
1069 3527 1105 3588 11.
1118 3530 1157 3587 Δ.
1172 3537 1238 3598 274.
1249 3531 1286 3588 Ψ.

151 3633 216 3686 133.
240 3622 374 3698 πολέμοιο
399 3622 479 3702 νέφος
499 3625 535 3682 Ρ.
549 3631 616 3684 243.
657 3623 802 3682 Similiter
821 3621 961 3681 Ἑλλόναν
985 3620 1064 3700 νέφος
1085 3621 1162 3683 dixit
1182 3624 1286 3703 Eurip.

149 3721 225 3780 liec.
245 3729 311 3790 901.
339 3717 420 3796 νέφος
442 3717 566 3776 α’σπίδανν
589 3718 694 3778 Phoen.
714 3726 781 3785 257.
809 3715 889 3795 νέφος
916 3719 1033 3792 οίμωγῆς
1057 3717 1141 3776 Med.¹
1169 3719 1232 3779 106.
1257 3731 1287 3780 et

148 3819 312 3890 σπεναγμκῖν
336 3813 419 3892 νέφος
440 3815 534 3876 Herc.
554 3815 588 3873 F.
611 3823 696 3876 1131.
744 3813 857 3874 Imitari
878 3825 948 3874 sunt
966 3813 1077 3873 Latini.
1116 3813 1203 3898 Virg·
1218 3816 1285 3876 AEn.

147 3913 223 3972 vn.
248 3921 315 3984 798.
335 3912 503 3991 Insequitur
530 3909 642 3970 nimbus
662 3908 799 3988 peditum.
839 3911 881 3968 Et
904 3911 943 3969 X.
963 3917 1029 3979 809.
1050 3909 1160 3968 AEneos
1186 3910 1284 3970 nubem
1316 3905 1319 3910 ‘

147 4007 222 4078 belii,
244 4009 310 4066 dum
332 4007 450 4074 detonet,
472 4025 576 4064 munem
599 4003 604 4085 Ι
624 4003 751 4062 sustinet.
792 4003 835 4063 Et
850 4003 925 4062 VII.
941 4013 1006 4072 705.
1025 4001 1129 4082 Urgeri
1142 4005 1284 4066 uolucrum

146 4121 301 4162 raucorum
314 4101 354 4160 ud
368 4100 453 4159 litora
471 4098 576 4159 nubem.
618 4101 658 4159 Et
673 4099 744 4157 xll.
759 4106 825 4159 252.
846 4098 1023 4178 AEtlreroque
1043 4097 1195 4158 obscurant
1214 4121 1283 4182 pen.

146 4197 200 4269 nis,
223 4198 383 4276 hostemque
404 4215 458 4276 per
481 4215 573 4254 uteros
594 4193 598 4273 Ι
608 4194 697 4273 foetu
721 4192 792 4251 arabe
813 4201 953 4271 premunt.
994 4192 1048 4250 Sil.
1065 4193 1128 4251 itui.
1145 4194 1202 4255 VI.
1217 4195 1283 4258 336.

146 4291 245 4352 Nubes
268 4293 356 4352 denso
383 4291 536 4350 Laconum.
582 4290 646 4349 Vni.
662 4289 759 4349 Fiaco.
775 4289 833 4348 111.
847 4295 912 4356 573.
940 4286 1024 4347 Nube
1047 4288 1115 4349 moli
1132 4309 1284 4369 percussus
