2948 5010
451 359 703 410 'VERSIONES
723 354 897 410 LATINAE.

95 531 168 590 Nec
189 533 325 611 quisquis
345 536 402 594 ista
421 537 557 614 quolibet
571 546 697 616 'prestat
716 538 840 619 modos¹
907 543 912 568 ⁷⁴
998 543 1002 552 '
1096 543 1100 554 '

96 626 162 685 Sed
182 630 235 705 qui
255 630 349 690 dolosi
369 633 487 692 nescius
506 633 578 704 fuci,
598 633 719 712 integra
791 683 793 690 .

95 723 266 808 Probitate,
284 726 384 806 justus
405 749 478 799 esse,
499 749 559 788 nou
571 729 660 789 'credi
678 731 796 790 studet„
818 758 832 792 ,·
944 755 946 762 ’

93 926 245 1005 Injuriam
266 928 398 1006 quinon
417 929 498 998 facit,
519 949 579 986 non
597 930 734 1007 protinus

93 1022 222 1080 Justus:
245 1022 297 1082 sed
316 1023 367 1082 ille
388 1023 440 1100 qui
459 1033 566 1102 potest,
587 1043 648 1081 non
667 1025 738 1084 vult
752 1036 868 1085 tamen:

93 1117 208 1176 Manus
227 1137 282 1177 nec
300 1118 351 1178 ille
371 1119 424 1195 qui
443 1138 510 1177 suas
529 1139 623 1197 parvo
642 1121 785 1180 abstinet:

94 1211 239 1289 Ingentia
259 1213 311 1272 sed
330 1213 453 1291 impune
474 1213 527 1290 qui
548 1233 642 1290 quum
661 1214 766 1274 tollere

95 1305 226 1384 Sibique
247 1308 358 1368 habere
378 1308 481 1386 possit,
501 1309 600 1366 animo
619 1318 774 1387 temperat.

97 1402 168 1461 Imo
188 1421 245 1462 uec
265 1402 315 1462 ille
335 1403 473 1461 observat
492 1402 548 1461 ista
568 1403 621 1480 qui
641 1388 749 1472 emnia,

96 1499 159 1558 Sed
178 1496 229 1558 ille
248 1509 348 1558 mente
367 1497 511 1577 praeditus
532 1499 584 1576 qui
605 1500 740 1568 candida,

96 1593 144 1652 Re
162 1594 262 1672 justus
282 1614 354 1664 esse,
374 1613 435 1651 non
455 1593 551 1652 videri
572 1614 644 1664 esse,
665 1594 786 1672 expetit.

949 1719 951 1726 v
978 1690 1020 1747 Η.
1035 1689 1175 1778 Surum!¹

525 1885 570 1948 ΙΙ.
616 1885 671 1969 (P.
688 1885 781 1966 156.)
808 1866 810 1873 ’

598 2057 667 2146 [ἐπὶ
683 2065 739 2124 ero.

96 2180 218 2258 Edepol
237 2198 292 2237 nec
311 2179 408 2256 pictor
429 2179 588 2257 quisquam
608 2189 662 2250 est,
682 2198 739 2237 nec
759 2179 927 2249 statuarius,

97 2276 159 2349 Qui
178 2276 269 2337 talem
288 2285 389 2352 posset
408 2285 471 2333 arte
490 2274 747 2353 pulchritudinem

96 2371 275 2450 Exprimere
295 2359 413 2447 qualem
434 2391 534 2431 rerum
555 2371 663 2429 veritas
683 2370 784 2430 habet.

98 2467 178 2526 Tum
198 2485 270 2525 vero
290 2465 381 2543 periit
400 2486 472 2524 usus
493 2465 705 2524 simulachrum
726 2464 869 2535 omnium,

97 2561 165 2621 Nisi
186 2581 233 2620 ars
253 2561 364 2639 peritos
381 2561 498 2639 judices
518 2561 673 2619 invenerit.

99 2752 191 2812 Haud
210 2761 273 2811 arte
293 2760 405 2811 tantam
424 2752 522 2830 pictor
541 2750 621 2810 ullus
640 2752 758 2829 assequi

99 2849 302 2909 Statuariusve
323 2847 580 2926 pulcluitudinem
600 2857 699 2926 queat,

98 2945 227 3003 Tantum
248 2953 278 3002 et
298 2942 445 3013 decorem,
465 2943 603 3024 veritatis
618 2952 753 3020 quantus
767 2953 863 3002 est.-

680 3037 682 3042 ’
729 3035 731 3042 '
978 3041 1019 3098 H.
1034 3041 1152 3103 Srarrr.

99 3135 232 3195 Finxerit
251 3135 333 3194 haud
351 3137 449 3215 pictor
469 3134 602 3213 speciem
618 3144 671 3193 aut
690 3135 849 3219 statuarius
869 3137 948 3196 ullus
963 3190 967 3200 ,

174 3229 258 3289 Huic
279 3230 414 3299 similem,
436 3229 499 3287 veri
520 3248 610 3306 quam
631 3229 699 3292 Dea
715 3249 825 3307 praeses
844 3230 983 3291 habet·
1161 3289 1163 3295 .

962 3327 1149 3386 Euuuourrr.

525 3532 591 3598 ΠΙ.
636 3533 691 3618 (Ρ.
710 3475 802 3616 ut.)—

597 3705 725 3786 Pyrrhu
868 3779 869 3784 ἵ

99 3823 228 3882 Sollicita
246 3820 356 3900 quaerit
373 3816 620 3897 philosophorum
639 3817 730 3887 natio,

99 3925 233 3985 Immune
250 3923 369 4003 quantis
388 3932 559 4000 temporum
578 3919 759 3998 dispendiis,

99 4021 171 4093 Quae
190 4021 229 4078 sit
249 4019 321 4079 boni
343 4027 463 4078 natura:
484 4034 540 4074 nec
561 4015 673 4094 reperit
691 4025 799 4076 tamen.

98 4115 247 4174 Virtutem
266 4116 389 4193 praefert
408 4113 468 4183 ille,
491 4121 522 4170 at
544 4110 580 4168 hi
598 4110 798 4189 prudentiam·
818 4139 822 4148 ,

100 4211 171 4270 llaec
193 4209 268 4289 quid
289 4210 357 4279 sint,
382 4218 522 4287 quaerunt
542 4227 602 4267 non
623 4205 732 4276 minus,
755 4226 845 4285 quam
859 4207 943 4285 ·quid
963 4210 1084 4268 bonum.
1207 4219 1224 4272 5

100 4306 163 4383 Ego
183 4317 292 4364 terram
314 4304 439 4373 fodiens,
461 4303 574 4362 vivens¹
587 4301 682 4361 vitam
701 4301 856 4371 rusticam,
931 4333 934 4342 ν
1115 4309 1116 4314 ’
1170 4309 1179 4322 ·’

102 4401 283 4498 plurumum]
636 4404 679 4466 15
