2948 5010
590 293 820 344 VERSIONES
843 295 1017 346 lsA'l'INAE.

669 518 935 584 omousius
966 473 974 496 ⁵

689 715 716 780 1.
761 714 898 800 (noo.)

232 876 272 934 A.
313 876 397 951 Quid
418 896 500 937 nunc
520 877 635 937 faciunt
653 876 749 945 Plato,
773 877 967 956 Speusippus,

232 971 311 1029 Cum
332 972 531 1031 Menedemo?
560 971 635 1050 quid
655 971 825 1041 dissertant,

232 1069 297 1126 Aut
317 1088 392 1145 quas
413 1088 499 1127 curas
520 1069 609 1127 corde
631 1068 786 1127 volutant?

234 1161 315 1236 Quae·
331 1167 378 1221 res
400 1161 459 1221 illis
479 1163 540 1223 acri
563 1163 664 1222 studio

233 1258 398 1316 Scrutanda
417 1259 486 1318 data
509 1263 574 1319 est?
602 1260 710 1324 horum
725 1279 838 1337 gnarus

232 1352 264 1411 Si
285 1352 363 1411 forte
381 1355 475 1425 venis,
492 1375 558 1434 per,
578 1367 608 1414 te
627 1376 689 1424 oro,
712 1355 793 1414 Deos

232 1447 367 1506 Memora
386 1448 474 1508 docto
494 1470 629 1509 sermone
647 1449 731 1508 mihi.

231 1541 268 1599 Β.
310 1544 399 1602 Certo
418 1545 504 1604 nobis
525 1555 675 1624 comperta
695 1565 790 1623 rogas.

230 1636 320 1695 Casta
338 1641 489 1699 novabunt
509 1660 592 1699 sacra
611 1639 828 1718 Quinquatrus,

230 1731 309 1792 (lum
328 1753 402 1811 grex
420 1737 568 1814 juvenum
588 1735 663 1794 mihi
683 1746 859 1814 conspectus

230 1827 269 1885 In
288 1830 452 1907 gymnasiis
472 1831 646 1891 Hecademe
664 1831 734 1889 tuis.

231 1924 279 1983 Ibi
300 1943 449 1985 sermones
468 1928 572 1987 audire
591 1927 664 1985 mihi

229 2018 326 2078 Valde
344 2021 489 2081 absurdos
509 2023 597 2082 datur
616 2033 647 2081 et
667 2041 741 2100 quos
762 2022 800 2081 sit

230 2113 381 2176 Retulisse
401 2117 494 2186 nefas,
516 2117 589 2176 dum
609 2127 746 2176 naturam

231 2208 342 2268 Rerum
363 2223 444 2271 certo
463 2212 557 2272 limite
577 2212 705 2290 signant,

229 2302 334 2382 Atque
353 2305 385 2363 in
404 2316 504 2385 partes
524 2317 555 2366 et
574 2307 708 2365 membra
727 2317 835 2372 secant,

231 2400 320 2460 Nunc
340 2403 525 2461 animantum
546 2402 623 2461 secla
642 2401 786 2473 videntes,

229 2495 273 2556 Et
291 2518 372 2559 nunc
392 2499 498 2578 stirpes
518 2499 692 2577 clerumque
711 2517 824 2576 genus:

230 2591 359 2671 Jamq'ue
383 2594 540 2653 cucurbita
562 2594 650 2672 cujus
671 2593 772 2653 classis

230 2686 366 2747 Dicenda
384 2689 471 2759 foret,
491 2690 575 2748 labor
595 2708 662 2747 acer
682 2697 752 2747 erat.

229 2784 268 2840 Δ.
309 2784 394 2862 Rogo
414 2796 454 2856 te,
476 2786 584 2854 sisois,
606 2784 655 2844 dic
675 2785 762 2863 cujus
781 2804 846 2843 eam

229 2876 341 2938 Dixere
361 2880 483 2958 gregis?
511 2899 637 2957 quemve
657 2879 689 2938 in
709 2879 799 2938 finem

230 2971 346 3031 Cecidit
363 2973 447 3033 labor
466 2973 660 3052 inquirendi?
711 3044 715 3056 ι

230 3068 264 3126 Β.
310 3069 444 3128 Primum
463 3070 545 3129 taciti

230 3149 272 3221 Et
292 3164 423 3244 figentes*
435 3164 548 3224 lumine
567 3175 677 3223 terram

230 3257 357 3318 Stabant
376 3259 461 3318 dubii
482 3268 616 3338 tempore
635 3258 741 3336 longo:

230 3353 291 3412 Sed
309 3353 408 3414 adhuc
426 3364 539 3414 restans
559 3352 632 3412 dum
650 3354 741 3412 turba
759 3352 855 3409 minor

230 3451 348 3508 Cemua
367 3449 484 3527 quoerit,
505 3448 652 3527 majorum
671 3446 781 3525 aliquis

229 3545 285 3606 Ille
304 3545 467 3604 rotundum
486 3544 591 3603 definit
610 3544 684 3613 olus,

229 3639 315 3698 Alter
334 3640 453 3718 generis
472 3638 567 3718 magis
586 3638 712 3708 arborei,

230 3734 349 3793 Tertius
368 3733 500 3794 herbam.
527 3753 594 3811 quae
614 3731 688 3790 dum
706 3730 840 3791 medicus

230 3827 361 3900 Quidam
382 3848 399 3886 e
419 3827 526 3888 Siculis
545 3827 655 3887 finibus
674 3825 767 3897 audit,

230 3922 335 4000 Nugas
355 3921 455 3982 ridens
476 3921 587 4000 pedere
607 3921 706 3999 coepit

232 4015 312 4075 Hinc
330 4016 391 4074 bile
413 4016 497 4094 gravi
520 4034 660 4075 succensa
683 4014 787 4074 cohors

230 4109 270 4169 Se
292 4109 424 4169 ludibrio
443 4109 565 4188 quoerit¹
586 4108 706 4168 haberi:

665 4270 672 4298 ¹
691 4269 780 4318 clamo!
796 4269 930 4333 Schweigh.
