2990 5010
587 318 814 368 VERSIONES
837 317 1012 368 LATINAE.

591 559 832 624 nummus,
879 514 937 646 (e.
952 559 1000 641 3.)

731 726 874 788 Thraecis.

284 855 301 892 ⁴
322 858 338 892 *
360 857 435 916 Pani
456 877 593 936 capacem
613 857 684 916 affer
703 856 772 927 huc,
793 877 878 934 puer,
900 856 1016 916 cadum.

233 955 269 1014 Β.
290 955 359 1014 AEre
379 955 500 1025 factum,
521 954 713 1031 llgneumve?
755 955 793 1012 Aa
823 953 970 1018 Aureum,
990 950 1083 1012 modo
1100 951 1207 1014 adolet·

234 1053 267 1112 B.
288 1051 549 1128 Haudquaquam:
584 1059 629 1109 est
648 1045 704 1108 tibi
723 1050 851 1127 ligneus.
892 1042 937 1106 Mi
958 1048 1109 1126 quondam
1129 1067 1227 1108 aereus
1248 1048 1325 1118 fuit,

235 1146 379 1205 Ponderis
400 1144 495 1213 solidi,
517 1144 569 1203 sed
587 1145 714 1222 aufugit.
755 1145 788 1202 B.
816 1145 905 1204 Anne
925 1143 1043 1203 Daedali

234 1242 307 1300 Erat
326 1261 411 1319 opus,
433 1240 480 1299 vel
500 1260 569 1300 eum
589 1240 658 1298 dolo
678 1241 784 1318 clepsit
803 1240 890 1317 quis?
1368 1247 1384 1298 5

1208 1336 1239 1394 J.
1263 1335 1304 1393 B.

697 1791 906 1856 EUPOLIS.

622 2047 624 2054 ,
708 1969 736 2041 1.
781 1969 837 2062 (P.
857 1970 904 2058 l.)

727 2127 881 2187 Tribubus.

235 2247 282 2334 lix
303 2249 404 2308 multis
424 2269 492 2328 quae
512 2249 638 2309 dicenda
658 2261 727 2310 sunt
746 2255 807 2308 rion
828 2249 916 2308 video
935 2237 1016 2308 unde
1035 2247 1219 2328 inciplsaarn.

235 2343 322 2403 Adeo
340 2344 417 2404 hanc
436 2345 538 2404 videre
558 2333 708 2405 civitatem
728 2366 845 2423 nequeo
865 2343 928 2404 sine
949 2339 1059 2403 dblore.

234 2439 309 2509 Nos,
330 2460 349 2497 o
369 2460 461 2509 senes,
481 2442 696 2521 rempublicam
716 2461 777 2499 non
796 2439 887 2500 talem
905 2439 1066 2499 habuimus
1086 2432 1175 2498 olim:

234 2535 295 2594 Sed
314 2536 505 2614 imperatores
525 2542 610 2597 erant
629 2534 781 2616 ducesque
802 2527 915 2596 civitati

234 2631 282 2688 De
301 2631 442 2707 gentibus
461 2624 651 2710 primoribus,
672 2633 771 2711 deque
791 2631 939 2692 eminente
959 2649 1059 2700 censu,

235 2724 319 2796 Quos
339 2729 552 2786 venerabamur
571 2738 607 2787 ut
626 2729 723 2788 Deos:
752 2738 782 2788 et
801 2737 886 2787 erant
905 2715 963 2786 Dei
982 2718 1125 2804 profecto.

237 2816 284 2879 lta
301 2840 350 2880 res
369 2842 471 2881 secura
490 2833 556 2882 tum
575 2824 664 2884 stetin
707 2825 805 2893 Nunc,
827 2818 923 2882 sicubi
941 2819 1131 2880 militandum
1152 2833 1209 2891 est,

237 2915 420 2976 Praeficimus
439 2919 518 2978 bello
538 2930 569 2979 et
589 2915 682 3000 copiis
701 2918 836 2978 homines
856 2917 1030 2996 piaculares.

1192 3010 1307 3075 Gaor.

706 3198 752 3266 11.
798 3199 852 3287 (P.
873 3201 920 3282 5.)

687 3351 925 3413 darentuloridua

236 3485 341 3558 Qualis
360 3482 564 3543 adulatoribus
584 3482 646 3541 vita
666 3482 714 3550 ait,
735 3482 910 3559 explicabo:

187 3608 190 3614 ·
237 3581 270 3640 Si
290 3581 367 3640 datis
386 3579 576 3639 audientiam.¹
604 3597 695 3657 quam
714 3597 817 3637 sumus
837 3575 996 3655 elegantes,

235 3677 295 3746 Vix
315 3677 425 3756 quibus
444 3697 523 3735 unus
542 3685 588 3734 eet
606 3693 692 3752 puer,
712 3694 769 3734 neo
788 3684 888 3734 tamen
907 3674 958 3734 ille
977 3685 1107 3746 amtor„

237 3773 277 3832 Et
296 3772 345 3834 cui
365 3770 597 3850 perpusillulum
617 3768 742 3828 sufficiat
761 3769 876 3836 cibam.

281 3916 429 3966 'Nonnulla
453 3932 468 3965 a
492 3915 611 3978 principio
635 3925 713 3976 unqua
737 3913 772 3962 ele
797 3908 896 3962 refinxit
920 3911 1163 3976 Seh'welgbaeueemr,
1190 3923 1300 3968 meum
1320 3919 1386 3969 nim

236 4005 321 4040 ‘m
336 3995 392 4042 'A'
470 4065 558 4124 onan
571 4064 739 4114 adalanum·
753 4066 804 4114 aa
819 4066 861 4122 ae,
875 4065 1009 4128 ernian.

470 4141 607 4204 Aoor'pt'olia
621 4141 732 4203 auribu'e,
748 4157 822 4204 quam
835 4157 920 4190 eumue
934 4143 1072 4205 alapantes.-

474 4218 523 4265 Via
537 4217 625 4280 quidm
639 4232 705 4264 unua
719 4223 756 4265 erl
768 4233 840 4279 pam,
856 4233 901 4266 neo
916 4223 998 4267 laem
1012 4215 1054 4266 illo
1068 4223 1166 4266 aarum

473 4288 507 4339 ru
522 4279 581 4340 aare
594 4293 759 4354 mauron
773 4295 881 4356 sappam
896 4295 965 4356 opu
980 4295 1036 4355 ua.

1028 4379 1382 4468 [curruum-mm,
