2990 5010
233 348 302 434 171
401 363 649 415 comconun
673 365 909 416 annnorum
933 362 1201 412 FRAGMENTA.

231 540 306 602 mihi
318 543 441 621 quidem
454 545 583 616 videtur,
605 557 685 606 recte
699 546 851 624 legeretur
871 546 1031 625 exceptione
1049 553 1088 604 at.
1128 521 1175 603 Cf.
1196 541 1287 602 First
1307 541 1382 600 Part
1463 533 1464 558 ¹

231 635 268 715 ⁰s
275 635 355 717 Κίος
367 637 469 720 Heurp
487 640 539 700 VI.
554 641 609 699 1v.
625 650 650 700 1.
671 640 739 700 And
751 639 864 719 hefirst
878 641 940 700 took
952 639 1110 718 receptione
1123 645 1155 697 at
1168 636 1229 698 tiis
1240 635 1354 715 hadge.

289 760 301 794 ⁷
319 759 367 818 cf.
381 782 473 841 supra
485 761 670 834 Phoenicidoe
684 763 805 841 Frsgm.
818 770 846 822 3.
926 789 929 794 ·

233 885 238 893 “
289 881 300 911 ⁸
320 880 491 965 “ι’χθνα’ριον
510 884 639 944 correxit
658 881 791 942 Grotius.
833 884 875 942 At
892 883 1068 942 inusitatum
1086 901 1208 960 prorsus
1221 881 1314 944 istud
1330 901 1382 939 vo-

231 976 380 1039 cabulum.
420 974 541 1058 ἰχθύδιον
554 978 667 1038 Grecis
683 989 729 1037 est
741 977 955 1037 diminutivum
969 980 1022 1034 τοῦ
1036 975 1140 1057 ἰχθύος.
1181 975 1284 1054 [Vide
1299 975 1382 1035 Mei·

230 1071 299 1131 nek.
314 1072 353 1131 ad
371 1072 511 1132 Menand.
525 1094 555 1153 p.
571 1072 635 1134 160.
657 1073 805 1132 Matthiaei
820 1072 872 1132 Gr.
887 1073 940 1130 Gr.
956 1081 1022 1132 102.
1035 1073 1064 1134 J.
1081 1071 1139 1152 B.]
1174 1072 1288 1148 Neque
1309 1092 1382 1130 vero

230 1167 292 1224 ulla
310 1168 468 1226 novatione
485 1179 548 1226 erat
565 1189 649 1247 opus.
691 1167 888 1245 subintellige
907 1193 944 1238 τι,
965 1177 1000 1245 ut
1020 1166 1182 1226 sexcenties
1198 1165 1286 1244 apud
1306 1187 1379 1245 poe-

229 1273 275 1321 tes
300 1262 481 1342 presertim:
508 1264 625 1340 eritque
648 1274 770 1342 perapte
797 1262 912 1323 dictum
938 1261 985 1320 ονίι
1008 1245 1087 1321 ἐστιν
1107 1258 1240 1342 ἰχθυηρόν
1259 1287 1293 1318 τι
1324 1265 1378 1321 &c

230 1356 305 1416 nihii
323 1358 362 1415 ad
378 1357 485 1436 piscem
503 1359 659 1438 pertinens,
676 1357 752 1417 nihil
768 1359 843 1437 quod
862 1357 906 1417 vel
924 1358 1028 1436 piscem
1048 1357 1147 1415 oleat?
1178 1355 1378 1415 Scnwmca·

229 1471 352 1510 31181111.
392 1453 547 1532 Aristoph.
568 1453 648 1514 Plut.
666 1461 732 1513 818.
750 1483 752 1488 ·
772 1451 838 1510 ‘rotis
865 1449 894 1510 δὲ
920 1455 1093 1511 πινακίσκους
1115 1450 1180 1509 ‘roris
1203 1452 1350 1533 σαπροιῖς,
1370 1451 1377 1530 l

231 1544 296 1604 τοθς
320 1545 475 1628 ἰχθυηροθς,
508 1546 643 1628 a'pyvporit
677 1545 795 1628 πάρεσθ’
828 1547 906 1626 δρᾷν.
952 1546 1037 1606 Idem
1063 1547 1095 1604 in
1123 1545 1376 1606 Telmisseusium

231 1643 413 1721 Fragments)
426 1645 508 1723 apud
521 1644 598 1703 Poll.
613 1644 653 1702 X.
668 1651 714 1704 82.
731 1647 892 1702 πννακίσκον
907 1641 1014 1724 ἄπυρον
1031 1641 1172 1723 ἰχθνηρόν.
1212 1642 1295 1715 Quae
1311 1645 1377 1702 locs

230 1738 356 1798 contulit
378 1725 686 1816 Schneighaeuserus:
714 1739 746 1797 in
768 1738 856 1817 cujus
876 1749 977 1798 tamen
997 1738 1089 1817 hujus
1112 1737 1170 1797 loci
1191 1737 1374 1816 interpreta-

229 1835 310 1892 tione
322 1854 438 1912 nequeo
450 1834 646 1912 acquiescere.
686 1833 738 1894 Ad
755 1832 899 1913 ἰχθυηρθν,
913 1833 1142 1914 intelligendum
1156 1831 1276 1892 videtur
1291 1834 1375 1892 σκεῗι-

229 1955 269 2000 ος,
290 1931 338 1989 vel
358 1929 482 2002 ἀγγεῖον,
500 1930 549 1990 vel
569 1929 700 2001 πινάκιον,
720 1930 768 1989 vel
786 1929 882 1989 simile
904 1929 986 2007 quid.
1026 1929 1137 1988 Confer
1157 1928 1240 1988 Bosii
1262 1930 1373 2009 Ellipa
1463 1959 1464 2014 q

231 2025 284 2083 Gr.
297 2045 327 2102 p.
344 2033 388 2084 13.
404 2032 470 2095 439.
487 2035 518 2084 et
541 2024 616 2083 Poll.
636 2025 695 2085 1ο.
735 2025 851 2102 Nempe
874 2025 958 2102 quasi
987 2025 1019 2083 in
1040 2025 1260 2084 substantivum
1280 2026 1374 2086 cessit
1463 2027 1464 2042 ¹

230 2119 396 2197 epitheton.
431 2119 523 2179 Plene
539 2118 765 2197 Aristophanes,
793 2119 874 2197 quod
901 2111 1043 2188 vidimus,¹
1069 2121 1243 2176 πινακίσκους
1270 2121 1372 2200 ἰχθνιι-

229 2213 301 2296 potis,
328 2226 359 2275 et
377 2219 537 2274 πινακίσκον
556 2213 697 2296 ἰχθυηρόν.
737 2214 830 2274 Plene
851 2214 986 2273 similiter
1002 2214 1140 2274 Cratinus
1159 2214 1243 2292 apud
1256 2216 1371 2276 Athen.

232 2311 287 2370 ΧῙ.
301 2331 331 2389 p.
344 2318 411 2382 494.
426 2311 462 2377 C.
495 2309 539 2368 κα1
565 2308 661 2367 τᾶλλα
688 2307 771 2367 πάντ’
795 2307 897 2382 ἀγγεῖα
922 2307 961 2366 ‘ni
984 2309 1046 2389 περὶ
1072 2306 1125 2366 rtis
1147 2307 1249 2380 πότον,
1271 2308 1277 2390 Ι
1298 2309 1371 2369 xoe'h'

227 2406 381 2487 ὀξύβαφον
409 2404 518 2487 οἶνηρδν
541 2403 585 2463 ἔτι
617 2403 795 2473 κεκτήσεται.
846 2405 936 2465 Plene
964 2404 1054 2464 etiem
1080 2401 1240 2486 μελιτήριον
1276 2405 1369 2480 ἄγγος

228 2503 443 2583 Aristophanes
456 2504 488 2561 in
502 2501 670 2580 Tagenistis
683 2501 765 2579 apud
778 2500 854 2559 Poll.
868 2501 907 2560 X.
916 2509 964 2572 93.
1005 2501 1051 2560 Ita
1063 2501 1197 2561 Brunck.
1212 2502 1267 2562 sed
1279 2505 1369 2564 unice

229 2618 333 2657 verum
350 2599 470 2657 videtur
489 2595 640 2675 μελιτηρθν
656 2595 781 2668 α’γγεῖον,
805 2607 897 2674 prout
918 2596 1096 2674 impressum
1118 2597 1215 2656 estin
1236 2597 1368 2660 Pollucis

228 2693 274 2752 ed.
289 2691 357 2752 Bas.
379 2690 463 2754 1536.
502 2691 668 2752 Athenaeus
685 2690 743 2749 XI.
760 2713 792 2769 p.
810 2698 876 2757 475.
890 2690 929 2749 D.
958 2689 1112 2770 Νίκανδρος
1134 2689 1156 2747 δ’
1179 2690 1197 2748 ὁ
1220 2692 1365 2772 Konopei-

226 2813 280 2846 νιος
302 2787 330 2846 ἐν
352 2793 414 2846 ταῖς
433 2787 575 2846 Γλιθσσαις
592 2786 749 2860 ποιμενικθν
768 2785 883 2862 α’γγεῑον
905 2785 1056 2867 μελιτηρδν
1074 2785 1127 2858 τήν
1148 2785 1268 2862 κελέβην
1287 2788 1365 2850 εἶναι.

228 2883 334 2946 Fuerit
351 2892 452 2942 autem
468 2881 601 2963 1χθνηρθν
620 2883 639 2940 1.
654 2903 682 2960 q.
701 2885 859 2940 πινακίσκος
875 2879 1007 2962 ἔχθνηρθς
1023 2881 1299 2960 Aristophunicum,
1317 2907 1367 2945 eu·

226 2979 313 3050 tinus,
340 2979 402 3038 sive
427 2979 553 3049 scutella,
582 2979 612 3037 iu
636 2999 692 3057 qua
720 2977 814 3056 pisces
841 2978 890 3036 vel
915 2978 1068 3048 eluantur,
1095 2978 1143 3038 vel
1173 2991 1366 3059 opponuntur.

226 3078 406 3155 Quanquam
432 3075 481 3134 vel
506 3074 623 3134 facilius
650 3073 781 3152 suppleri
803 3085 903 3153 potest
926 3072 1063 3155 τέμαχος,
1086 3086 1121 3134 ut
1147 3073 1250 3134 θύννεια
1275 3079 1366 3159 θερμά

226 3171 410 3249 καταφαγνῗν,
423 3170 631 3230 subintellecto
644 3169 770 3250 τεμάχη,
784 3169 859 3228 dixit
871 3171 1025 3250 Aristoph.
1036 3170 1095 3250 Eq.
1106 3179 1174 3232 854.
1205 3174 1251 3232 Cf.
1262 3173 1365 3234 Schol.

225 3269 264 3328 ud
285 3269 369 3328 Nub.
389 3273 455 3328 838.
480 3263 526 3324 e’sri
554 3262 656 3344 ἰχθύων
683 3263 722 3322 ro*
747 3262 876 3346 τέμαχος
902 3264 947 3324 καὶ
971 3264 1016 3324 ἒπ1
1043 3268 1228 3338 πλακοῦντος,
1258 3267 1304 3328 ε’π1
1334 3269 1365 3328 δὲ

225 3361 308 3445 κρέων
334 3359 436 3422 οθκέτι.
476 3360 620 3420 Similiter
652 3357 765 3429 ναστθς,
800 3357 945 3433 γαμήλιος,
973 3358 1143 3432 ἔπίπαστον,
1177 3363 1364 3424 substantive

226 3470 417 3540 usurpantur,
444 3478 513 3520 eum
535 3457 622 3536 plene
644 3455 761 3515 dicatur
788 3455 892 3514 ναστθς
917 3459 1050 3528 πλακοῦς,
1073 3456 1207 3534 γαμήλιος
1230 3460 1363 3532 πλακοῧς,

223 3555 384 3615 ἐπίπασται
409 3549 639 3632 πλακουντάριον.
679 3551 725 3610 ef.
746 3545 1043 3629 supra'Pherecratis
1063 3553 1182 3631 Fragm.
1202 3553 1260 3612 111.
1279 3565 1308 3618 5.
1331 3571 1364 3616 et

228 3653 280 3712 IV.
294 3660 321 3714 3.
363 3649 552 3729 Hesychius:
590 3646 734 3718 Γαμὴλιος.
759 3645 777 3703 o‘
803 3653 837 3706 eis
864 3646 930 3705 rotis
957 3644 1060 3722 γάμους
1086 3648 1260 3723 πεσσόμενος
1287 3665 1363 3710 πλα-

226 3747 296 3804 κοῦς.
337 3743 538 3823 Corrigendus
559 3751 605 3802 est
628 3740 775 3818 Hesychii
796 3742 880 3800 locus
902 3743 1157 3822 corruptissimus:
1180 3743 1361 3830 Ἰχθνόνερεο.

225 3842 406 3922 1χθνογινγοῖ.
434 3837 486 3902 ubi
508 3837 607 3898 minus
626 3845 707 3895 recte
728 3834 766 3895 dc
790 3835 995 3915 piscatoribus,
1013 3839 1066 3915 qui
1085 3838 1182 3918 pisces
1197 3840 1286 3900 hamo
1307 3843 1361 3902 θν-

225 3943 302 4006 οναι,
325 3946 405 3996 recte
426 3945 527 3996 sutem
543 3930 582 3992 de
603 3931 705 4000 servis,
728 3930 781 4008 qui
800 3929 893 4010 pisces
913 3932 1064 4003 αθοοΙνναι,
1088 3933 1232 4012 cogitavit
1252 3936 1361 3996 Albes-

224 4029 293 4098 tius.
328 4029 394 4092 MS.
407 4029 525 4090 Schow.
544 4023 696 4106 Ἰχθνόνερ,
711 4031 727 4082 1.
768 4025 944 4105 Legendum
962 4027 1095 4088 videtur:
1115 4025 1360 4113 ’1χθννρο11χθν-

225 4127 340 4197 αγινγοὶ.
380 4124 429 4184 Sic
443 4118 550 4202 oimpcis
571 4117 700 4200 θεράπων
719 4120 796 4178 dixit
817 4121 974 4182 Anacreon
994 4123 1076 4202 apud
1093 4123 1169 4185 Poll.
1183 4125 1239 4186 VI.
1253 4136 1301 4190 28.

282 4243 293 4274 ⁹
313 4247 428 4314 σννῆκας
441 4241 510 4304 Α111.
524 4253 555 4301 et
572 4241 697 4301 Cessub.
738 4239 853 4308 συνῆκᾶς
867 4266 895 4298 τι
917 4242 984 4301 MS.
1006 4244 1044 4303 Α.
1085 4245 1200 4314 συνῆκας
1220 4253 1249 4305 τί
1271 4247 1357 4308 MSS.

226 4339 259 4400 B.
274 4337 308 4398 P.
340 4338 455 4416 festinus
473 4335 599 4412 Wuipol.
619 4334 701 4411 quod
715 4335 862 4394 tamenin
877 4337 994 4406 συνῆκας
1014 4349 1195 4400 ηωυῐιαιω
1213 4342 1308 4402 voluit
1326 4343 1356 4400 in
