2948 5010
243 305 309 374 216
608 323 836 374 vunsrouus
859 324 1037 374 nuruum

248 503 388 562 Habetur
412 501 478 560 olio.
502 500 589 560 velox
612 502 645 560 in
668 502 765 581 pretio
784 502 864 562 canis

245 597 361 676 Majore
383 606 437 666 est,
460 617 550 674 quam
570 597 723 676 projectus
746 597 881 675 ingluvie
904 608 994 676 atque
1017 599 1112 658 iners.

247 689 417 751 Generosus
434 691 545 750 fruitur
566 692 662 770 gallus
683 693 836 771 precipua
858 692 945 772 dape,

246 788 348 866 Atque
369 787 449 845 ultro
472 787 599 864 ignavus
623 787 696 846 alter
717 787 865 866 potiorem
885 788 979 848 timet

247 881 351 940 Homo
374 882 399 940 si
424 881 490 960 quis
511 893 556 940 est
578 883 773 953 benenatus,
796 883 922 942 eductus
944 884 1048 962 probe,

246 979 333 1037 Casta
356 987 497 1046 moratus,
518 977 635 1036 nullum
658 979 789 1057 pretinm
812 980 870 1037 hoc
892 980 990 1040 seculo
1014 989 1070 1038 est.

247 1075 360 1133 Primae
385 1075 417 1132 in
440 1074 502 1132 vita
520 1073 616 1132 habet
632 1085 804 1145 assentator,
826 1076 932 1135 alteras

245 1170 468 1238 Calumniator3
496 1179 527 1228 at
548 1169 696 1248 malignus
719 1171 829 1230 tertias.

246 1267 367 1337 Quanto
390 1265 505 1324 asinum
529 1265 592 1324 fieri
617 1267 707 1326 satius
732 1287 823 1345 quam
845 1266 990 1326 intuerier

246 1362 367 1440 Pejores
389 1381 420 1420 se
441 1361 644 1440 pollucibilius
665 1363 776 1424 vivere.

245 1575 348 1653 Siquis
371 1578 519 1656 prehenso
542 1578 652 1638 dixerit
674 1577 749 1636 mihi
773 1578 864 1636 deum

245 1673 341 1732 Crede
361 1675 444 1744 mihi,
470 1675 623 1752 continget
646 1674 702 1733 tibi
721 1674 909 1742 reviviscere,

245 1767 374 1847 Erisque
396 1770 478 1848 quod
497 1770 588 1840 voles,
613 1769 703 1841 canis,
730 1769 842 1839 hircus,
869 1778 927 1827 aut·
944 1769 1027 1840 ovis,-

244 1861 393 1934 Homove,
415 1866 470 1925 ·vel
490 1886 594 1943 equus.
618 1885 688 1924 nam
709 1865 767 1923 tibi
786 1864 884 1922 fatalis
908 1875 953 1922 est

244 1957 314 2016 Vita
334 1958 399 2019 haec
419 1961 566 2019 secunda:
594 1960 646 2020 sed
667 1959 745 2037 elige
765 1978 829 2018 esse
849 1958 924 2036 quid
947 1958 1038 2017 velis:

243 2051 313 2112 Hoc
334 2073 397 2112 esse
416 2075 592 2133 responsum
615 2055 756 2113 daturum
779 2073 827 2112 me
847 2063 932 2131 puto,

244 2146 306 2206 Sim
326 2149 436 2227 potius,
458 2168 519 2219 oro,
543 2149 690 2226 quidlibet
710 2148 792 2207 aliud
816 2168 906 2226 quam
927 2148 1025 2207 homo.

241 2243 430 2302 Animalibus
449 2243 528 2303 enim
550 2244 645 2303 solum
665 2243 698 2302 id
721 2253 821 2303 estex
843 2243 990 2312 omnibus,

242 2338 379 2398 Adversa
398 2338 448 2399 cui
468 2358 530 2397 sors
550 2338 719 2398 immerenti
739 2347 770 2397 et
792 2358 943 2417 prospera.

242 2433 399 2493 Tractatur
419 2433 476 2492 ulio
496 2433 606 2492 lautius
625 2443 768 2512 prestans
789 2453 894 2511 equus,

241 2529 315 2587 Cani
335 2531 414 2589 bono
433 2530 502 2608 plus
522 2540 568 2589 est
586 2529 706 2588 honoris
727 2549 817 2607 quam
837 2528 930 2587 malo:

240 2623 329 2682 Gallo
348 2624 506 2684 exhibetur
526 2635 646 2684 strenuo
665 2623 769 2682 melior
790 2623 884 2692 cibus,

237 2716 394 2778 Formidat
412 2719 501 2778 etiam
521 2731 675 2779 strenuum
694 2739 755 2777 non
775 2729 922 2777 strenuus.

239 2813 294 2869 Vir
316 2813 356 2872 sis
374 2817 496 2893 probus,
518 2815 556 2874 sis
577 2825 724 2884 strenuus,
746 2813 785 2872 sis
805 2813 933 2872 nobilis:

237 2906 292 2965 Nil
312 2909 355 2967 nil
370 2909 522 2988 juvabunt
541 2910 597 2968 ista
616 2910 648 2966 in
667 2909 725 2967 hoc
744 2918 774 2967 te
795 2908 903 2968 seculo.

235 3003 352 3063 Primae
372 3004 425 3064 sed
443 3005 587 3074 adulator,
609 3004 792 3083 sycophanta
810 3003 973 3082 proximas,

235 3101 279 3160 At
298 3101 399 3160 tertias
419 3112 519 3161 tenere
539 3101 693 3161 cacoethes
714 3101 796 3159 solet.

237 3196 361 3256 Praestat
380 3207 480 3256 tamen
499 3196 616 3255 asinum
636 3215 699 3255 esse
719 3215 809 3274 quam
829 3194 985 3273 pejoribus

234 3291 399 3370 Splendore
419 3291 489 3351 vitae
509 3311 540 3351 se
560 3291 662 3350 videre
682 3291 798 3351 cedere.

673 3553 718 3618 11.
764 3552 818 3637 (Ρ.
840 3550 929 3632 122.)

233 3725 416 3785 Hominibus
435 3723 492 3783 alia
512 3732 662 3802 quotquot
682 3731 752 3781 sunt
771 3720 932 3779 animantia

233 3820 312 3879 Tum
333 3830 403 3879 sunt
420 3820 561 3889 beatiora,
582 3827 647 3876 tum
668 3817 787 3895 sapiunt
805 3816 909 3893 magis.

232 3915 394 3993 Principio,
415 3913 510 3984 sodes,
531 3913 647 3973 asinum
667 3921 768 3991 specta
786 3911 878 3969 istum
897 3909 981 3968 mihi.

233 4010 264 4069 Is
283 4020 328 4069 est
346 4010 449 4071 infelix
469 4020 553 4070 extra
572 4007 817 4069 controversiam:

231 4107 276 4163 At
295 4106 377 4165 nulla
395 4106 525 4185 propriae
544 4115 663 4182 accepta
685 4103 780 4181 culpae
800 4102 859 4162 fert
878 4102 975 4173 mala;

232 4201 293 4261 Sed
313 4220 381 4279 quae
400 4212 506 4262 natura
524 4201 664 4281 injunxit,
684 4200 731 4258 his
751 4198 935 4275 defungitur.

231 4297 298 4356 Nos
318 4316 397 4370 vero,
417 4308 525 4375 preter
544 4318 579 4356 ea
599 4317 666 4380 que
686 4295 745 4354 fert
763 4293 930 4366 necessitas,

1368 4129 1385 4180 5

1172 4401 1376 4496 [mm
