2990 5010
653 341 827 393 scauro.
1148 312 1153 323 ’
1236 331 1301 417 107

169 522 313 582 Senecam
334 522 457 582 Asinius
478 523 572 582 Pollio
592 524 709 584 Albutii
728 527 897 599 sententias,
912 527 995 606 quod
1011 527 1184 588 naffoeutae
1204 538 1301 587 essent

130 689 134 696 ῃ
169 629 199 678 et
220 628 340 698 apertae,
363 618 465 678 solitus
482 629 527 679 est
545 619 625 679 albas
644 621 802 700 appellare.
841 621 859 692 η
879 621 909 681 δὲ
925 620 1049 696 μέλαινα,
1071 623 1211 692 anfracta,
1232 643 1302 682 con-

168 715 295 791 fragosa,
319 724 350 773 et
372 714 504 774 occulta:
537 715 705 794 cujusmodi
728 727 798 776 suut
818 718 1000 795 tragicorum
1026 717 1116 789 chori,
1138 727 1168 780 et
1188 717 1301 777 mathe-

169 808 277 867 marica
296 809 487 887 problemata.
527 810 706 870 Athenaeus:
733 811 777 868 rai
796 815 913 885 μελαίνει
935 811 987 881 τη“ν
1008 809 1119 892 φράσιν,
1141 809 1185 868 καὶ
1207 810 1303 870 πολλοὶ

170 904 372 977 αἰνιγματωδῶς
389 903 523 987 ε’κφέρει.”
562 909 665 984 Atque
684 907 744 966 huc
759 908 890 986 pertinet
906 908 982 967 illud
996 908 1112 966 Erasmi
1129 908 1161 965 in
1178 907 1303 985 Adagiifl

172 1001 227 1058 sub
243 998 393 1058 Candidas
412 1021 519 1060 sermo:
542 1000 668 1059 “Λευκο“ι
685 1002 779 1075 λόγος,
798 1003 910 1063 Graecis
926 1003 1036 1062 dicitur
1052 1002 1145 1060 oratio
1162 1001 1303 1072 dilucida,

170 1094 397 1173 perspicuaque,
424 1115 442 1154 a
467 1096 573 1167 colore,
601 1097 653 1174 qui
677 1097 753 1157 inter
779 1108 890 1157 ceteros
916 1099 1079 1177 plurimum
1104 1097 1195 1159 habet
1219 1097 1303 1157 lucis.

171 1189 260 1248 Unde
276 1189 441 1270 λευκότερον
459 1196 541 1249 είτεΐυ
558 1191 708 1262 dicuntur,
727 1193 780 1270 qui
797 1193 904 1252 clarius
921 1193 1047 1252 efferunt
1065 1193 1146 1270 quod
1162 1193 1303 1262 sentiunt,

169 1283 226 1343 hoc
249 1294 303 1354 est,
328 1283 516 1366 σαφέστερον.
557 1287 597 1345 Et
619 1285 701 1357 λευκη
726 1285 804 1365 φωυη
822 1287 941 1358 dicitur,
966 1308 1033 1365 quae
1059 1287 1145 1346 facile
1169 1297 1305 1366 penetrat

170 1400 255 1440 aures
276 1381 472 1440 auditorum.''
513 1382 699 1461 Hesychius:
722 1382 834 1442 Λευκόυ.
857 1382 894 1441 τό
920 1409 953 1442 τε
976 1382 1085 1452 σύνηθες
1108 1381 1151 1440 καὶ
1174 1379 1212 1440 ro*
1232 1394 1304 1456 λαμ-

171 1475 250 1558 πρόν.
290 1477 342 1536 Ad
363 1477 543 1537 locutionem
559 1477 641 1548 λευκιί
660 1476 747 1557 φαντὶ,
769 1481 927 1540 conferunt
945 1478 1112 1539 Schaeferus
1131 1488 1161 1538 et
1180 1478 1304 1557 Strong·

170 1571 217 1631 ius
244 1572 282 1630 ad
301 1573 342 1632 H.
364 1572 467 1652 steph.
484 1573 572 1632 Thes.
590 1573 643 1632 Gr.
661 1573 751 1653 Ling.
770 1574 816 1637 ed.
835 1574 930 1633 Lond.
951 1594 981 1653 p.
1000 1581 1085 1640 5755.
1113 1572 1243 1634 Fischer.
1266 1574 1305 1634 ad

171 1668 272 1728 Rhett
292 1689 322 1747 p.
338 1677 405 1730 235.
419 1669 522 1728 Davis.
542 1669 582 1730 ad
599 1669 658 1730 Cic.
674 1671 742 1728 Nat.
757 1671 848 1730 Deor.
864 1677 910 1732 58.
924 1669 1054 1747 citatque
1067 1669 1200 1728 Demetr.
1222 1669 1304 1729 Phal.

170 1763 235 1842 ipsc
249 1764 419 1843 Stephanus
433 1766 465 1824 in
478 1764 590 1835 Λευκοὲο,
606 1765 658 1843 qui
671 1776 701 1826 et
713 1766 870 1844 gemellam
884 1765 978 1824 λευκοῖο
992 1762 1069 1843 φυυη
1083 1766 1163 1843 (quae
1179 1766 1305 1826 Morelio

171 1859 269 1920 fraudi
293 1860 386 1920 fuisse
406 1859 537 1940 videtur)
561 1862 670 1919 Nonno
687 1860 800 1921 ibidem
826 1859 941 1928 tribuit.
990 1859 1071 1919 Hinc
1092 1857 1216 1919 caadida
1243 1880 1304 1932 vos,

172 1975 239 2032 quae
261 1975 339 2034 pura
365 1966 395 2015 et
417 1955 495 2016 clara
516 1966 570 2025 est,
595 1955 643 2015 cui
667 1956 828 2034 opponitur
843 1954 946 2033 fusca,
970 1964 1000 2013 et
1022 1952 1173 2014 candidum
1196 1954 1306 2014 dicendi

169 2070 269 2129 genus,
292 2050 372 2129 quod
391 2071 502 2129 purum
524 2061 555 2110 et
573 2050 733 2128 liquidum,
755 2059 785 2109 et
805 2048 953 2119 candidus,
978 2050 1031 2126 qui
1048 2049 1220 2127 hujusmodi
1242 2070 1305 2110 ora-

172 2146 252 2205 tione
265 2145 370 2216 utitur,
385 2166 403 2205 a
422 2146 536 2205 Latinis
553 2145 670 2206 dicitur.
712 2145 857 2223 Exempla
874 2144 943 2203 vide
960 2143 1042 2222 apud
1058 2143 1260 2204 Facciolatum
1276 2156 1306 2204 et

173 2241 374 2301 Forcellinum
394 2241 425 2300 in
444 2243 563 2302 Lerico.

251 2355 271 2386 ¹⁸
292 2355 411 2416 Scribe:
433 2353 507 2433 φήσ’.
548 2354 624 2415 Vide
643 2376 734 2435 supra
753 2356 792 2414 ad
812 2354 995 2416 Phoenicidae
1014 2355 1133 2432 Fragm.
1147 2374 1176 2416 n.
1191 2363 1219 2415 5.

251 2467 271 2498 ¹⁰
292 2468 338 2527 cf.
359 2487 450 2546 supra
469 2467 619 2546 Epicratis
639 2467 764 2546 Fragm.
787 2475 813 2534 7.

250 2579 271 2610 ’⁰
292 2579 339 2636 “d
361 2578 444 2637 οὐδεὶς
466 2579 582 2648 ἤκουσεν
602 2577 644 2649 dv,
667 2579 766 2658 inquit
783 2579 833 2638 hic
853 2578 1081 2658 paterfamilias3
1111 2577 1144 2635 id
1167 2587 1220 2648 est,
1245 2600 1307 2658 ηνα

173 2697 251 2736 nemo
271 2677 362 2757 possit
388 2675 562 2756 intelligere:
595 2676 636 2735 sic
661 2676 739 2734 malo
762 2695 852 2752 quam
875 2685 910 2734 ut
935 2675 994 2744 alii,
1018 2675 1157 2744 inaudita,
1182 2686 1306 2754 propter

171 2773 348 2852 particulam
369 2771 411 2831 ἅν.
451 2771 558 2830 οἷκυιίειυ
579 2792 635 2850 pro
654 2771 812 2852 intelligere
832 2791 910 2849 saepe
929 2770 1088 2830 invenies.”
1129 2772 1305 2831 Csssuaon.

250 2885 270 2915 ¹¹
291 2887 441 2957 μίστυλλα,
455 2882 624 2953 cochlearia,
635 2891 768 2942 vertente
782 2881 984 2960 Dalecampio,
1000 2882 1052 2958 qui
1067 2889 1165 2940 notat:
1189 2890 1207 2916 ‘¹
1218 2882 1305 2953 Aliis,

173 2978 258 3057 panis
281 2980 376 3039 frusta
399 2979 520 3038 canibus
540 2978 684 3056 objecta.”
731 2977 764 3035 Si
787 2976 945 3036 cochlearia
972 2976 1227 3054 interpretandum
1251 2987 1304 3047 est,

173 3083 308 3133 accurate
331 3074 480 3133 diceretur
499 3076 640 3146 ρυστίλαι.
680 3071 832 3151 Aristoph.
855 3070 1020 3149 Eq.116s.
1044 3061 1101 3144 ἐμὲ
1124 3068 1306 3143 Sinceritas

172 3166 406 3242 μεμυστιλημένας
428 3165 433 3248 Ι
452 3165 508 3225 rimi
528 3169 578 3238 τῆς
601 3168 665 3226 θεοῦ
687 3168 725 3247 τῇ
748 3165 821 3247 χειρὶ
842 3165 1039 3247 τῂλεφαντινη.
1080 3165 1129 3224 Gi.
1142 3166 1253 3225 Victor.
1268 3167 1306 3226 ad

172 3264 192 3322 l.
214 3267 333 3337 μυστίλη
351 3263 369 3321 ὁ
389 3270 480 3320 κοῖλος
498 3261 611 3337 abunde,
628 3265 741 3343 ψίχιον,
761 3261 834 3342 δροΐξ
847 3259 950 3342 χειρός.
991 3260 1086 3320 Schol.
1100 3260 1140 3320 ad
1152 3261 1304 3339 Aristoph.

173 3359 254 3419 Plut.
273 3359 338 3427 627.
359 3358 377 3416 ri
397 3367 488 3417 κοῖλος
508 3357 595 3439 ἅρτοο
615 3361 736 3433 μυστίλη
756 3365 890 3416 καλεῖται.
913 3355 997 3430 η’γονν
1016 3354 1119 3437 α’θᾶρα.
1159 3357 1202 3416 Et
1219 3377 1304 3416 mox:

174 3453 212 3512 τδ
237 3453 266 3513 δὲ
287 3451 532 3528 μεμιστνλλημένοι
558 3453 620 3511 duri
645 3454 698 3510 τοῦ
724 3450 905 3533 τεθραμμέναι
932 3451 976 3508 καὶ
1002 3449 1092 3532 ζωμδν
1116 3450 1303 3532 ῥοφήσαντεο·

172 3553 328 3630 μιστνλλᾷν
352 3549 406 3630 γάρ
433 3547 514 3630 ταρᾶ
537 3554 595 3606 τοῖο
619 3547 759 3606 Ἀττικοΐο
783 3545 910 3627 δευτέμαο
934 3548 1061 3627 συζυγίας
1085 3552 1141 3606 τοῖν
1163 3571 1304 3628 περισπω-

172 3644 265 3719 μένων,
286 3645 323 3702 ro*
349 3644 393 3704 διοῖ
416 3643 565 3717 μιστθλληο
592 3643 623 3721 (ὅ
647 3642 724 3701 ε’στιν
746 3641 836 3722 ἄρτου
860 3646 962 3712 κοίλου,
986 3640 1030 3700 οἷα
1057 3642 1186 3720 δοῖδνκοο)
1213 3641 1306 3722 ζωμδν

171 3739 314 3821 ἀρύεσθαι.
334 3736 396 3801 ubi⁸
407 3735 643 3814 μεμυστιλημένοι,
661 3739 805 3816 μνστιλᾷν,
826 3748 856 3797 et
875 3741 1016 3811 μυστίληο,
1039 3737 1138 3815 quivis
1158 3758 1303 3816 reponen-

173 3837 247 3896 dum
274 3838 395 3897 videbit
443 3836 649 3897 casaubonus:
678 3843 698 3870 “
712 3835 881 3894 Utebantur
913 3834 1064 3894 interdum
1095 3844 1208 3893 veteres
1236 3855 1305 3894 οαοο

169 3951 249 4011 pane
267 3933 308 3991 ad
317 3932 431 4012 jusculs'
457 3931 588 3991 haustum
611 3939 660 3990 aut
677 3928 777 4010 pultis.
816 3933 951 4003 μυστίλην
973 3931 1117 3988 vocabant
1140 3939 1171 3988 et
1195 3949 1303 4008 panem

172 4027 267 4097 illum,
295 4037 326 4087 et
348 4028 405 4086 alia
425 4028 457 4086 in
477 4026 603 4086 similem
624 4045 711 4084 usum
730 4033 834 4103 parata
855 4025 1076 4084 instrumenta.”
1115 4025 1191 4084 Cum
1214 4024 1303 4102 coqui

173 4131 273 4181 autern
298 4125 439 4196 μίστυλλα
463 4120 726 4200 quasi-Homerico
751 4118 963 4180 conferendum
989 4128 1033 4180 est
1059 4118 1193 4200 δίπτυχα,
1221 4119 1302 4198 quod

174 4217 319 4296 sequitur,
343 4227 373 4276 et
393 4217 490 4296 ipsum
513 4236 569 4295 pro
591 4215 712 4276 incertae
736 4213 956 4292 significationis
979 4213 1099 4274 numine
1119 4215 1305 4278 substantivo

174 4311 436 4390 quasi-Homerico
455 4311 667 4390 accipiendum.
707 4309 787 4372 Vide
806 4329 835 4370 n.
849 4319 876 4380 9.
