2990 5010
602 355 841 406 nsnsnnuu.
1223 344 1289 414 139

152 539 192 598 ad
206 538 341 609 ,unicum
367 547 484 598 tuntum
505 541 658 600 sententiae
681 541 860 602 vocabulum
881 551 1004 619 spectat,
1025 539 1115 618 longe
1140 540 1290 619 longeque

153 635 274 694 diversa
289 645 334 694 est
351 636 435 706 ratio,
451 637 557 696 collato
573 637 729 697 Matthiaeo
739 639 792 696 Gr.
808 639 862 696 Gr.
875 637 941 699 608.
956 645 983 698 5.
996 636 1022 695 d.
1066 636 1152 697 Istud
1164 635 1196 694 mi
1209 637 1290 697 unde

153 729 308 800 effluxerit,
318 731 388 790 setis
397 722 428 790 et
440 732 559 792 abunde
568 732 665 811 liquet
674 753 712 792 ex
723 733 849 792 lectione
861 732 926 792 MS.
936 733 974 791 A.
986 731 1067 811 apud
1077 731 1289 791 Gaisfordiumc

155 825 276 904 Nempe
290 826 375 891 elteri
388 826 502 886 voculae
516 848 552 887 ex
570 829 777 907 explanatione
790 827 1027 906 superscriptum
1041 837 1095 887 est.
1125 825 1288 905 Equidem,

154 922 268 982 collatis
280 922 366 982 Varr.
380 924 476 983 Lectt.
488 924 646 984 lectionem
660 925 839 986 Dobraicsm
853 923 902 983 vel
918 922 1107 983 Porsonianae
1122 923 1290 982 anteferen-

154 1017 225 1076 dum
238 1037 350 1078 censeo.
391 1020 439 1078 De
452 1018 563 1089 ἑαυτοῦ,
577 1039 634 1099 pro
646 1020 778 1090 σεαυτοῦ,
792 1019 864 1079 vide
875 1018 997 1079 omnino
1008 1020 1088 1080 infra
1099 1019 1139 1079 ud
1148 1019 1289 1100 Appendl

157 1113 276 1192 Fragm.
292 1115 393 1174 XLII.
407 1135 437 1174 n.
451 1115 478 1176 6.

213 1227 224 1258 ⁶
245 1227 338 1286 Hunc
358 1228 458 1287 locum
478 1229 642 1307 respexisse
664 1228 785 1288 videtur
806 1230 911 1288 Horat.
930 1229 989 1289 Od.
1011 1227 1072 1289 llI.
1092 1235 1138 1289 24.
1156 1227 1205 1289 61.
1238 1230 1291 1288 Ιο-

154 1323 295 1402 dignoque
320 1325 470 1403 pecaniam
492 1324 497 1404 Ι
517 1324 623 1384 Iroeredi
650 1332 793 1404 properet.
833 1325 970 1384 conferri
999 1335 1099 1404 potest
1129 1324 1290 1384 Thomson.

160 1418 223 1478 Tse
254 1418 351 1479 Cas-tle
368 1420 407 1500 ff
425 1421 576 1481 Indolence
595 1421 621 1479 Ι.
638 1429 726 1491 19.1.
768 1419 813 1479 O!
838 1420 970 1500 grievous
985 1420 1075 1502 filly,
1103 1429 1131 1480 to
1150 1421 1226 1500 Ircap
1251 1439 1293 1501 ap

154 1521 252 1584 estate,
273 1514 278 1595 Ι
299 1513 392 1596 lesing
416 1516 462 1575 tlte
484 1516 556 1596 days
577 1537 634 1595 you
657 1533 703 1574 see
722 1514 838 1574 beneatlr
864 1515 911 1574 the
937 1535 1014 1582 sum
1037 1515 1042 1596 Ι
1061 1516 1151 1585 sulen,
1175 1517 1290 1588 sudden,

155 1631 244 1670 carnes
270 1610 350 1670 blind
369 1611 547 1690 aarelenting
555 1610 633 1692 fate,
656 1610 661 1691 Ι
682 1611 741 1670 aad
762 1609 843 1690 gives
869 1611 917 1670 the
942 1612 1075 1670 antester}
1097 1611 1211 1691 portion
1235 1633 1293 1693 you

155 1706 226 1765 haue
244 1727 305 1765 mon
326 1703 331 1787 Ι
352 1706 420 1766 with
441 1707 563 1766 rutilent
581 1705 639 1775 soil,
660 1706 721 1764 und
734 1727 818 1786 many
839 1727 858 1764 a
876 1706 979 1764 surelols
1005 1706 1123 1776 undum,
1146 1705 1151 1788 Ι
1171 1716 1199 1766 to
1215 1709 1293 1766 those

156 1800 219 1859 who
238 1803 316 1860 moclc
331 1821 389 1881 you
403 1822 476 1882 gone
495 1809 525 1860 to
544 1802 655 1860 Pluto's
675 1801 764 1881 reign,
787 1799 792 1880 Ι
811 1800 891 1860 there
910 1801 979 1860 suitl-
994 1801 1048 1860 sud
1058 1801 1159 1880 glorta
1177 1811 1206 1862 to
1226 1803 1295 1882 pirre

156 1896 217 1956 aad
235 1897 368 1956 sladoms
387 1897 454 1955 dun.
1178 1889 1182 1896 ’

217 2001 229 2032 ⁰
247 2000 280 2062 ὃν
305 2001 341 2060 συ*
360 1999 464 2083 χρόνον
486 2002 529 2060 Η.
543 2001 647 2079 Steph.
662 2011 730 2078 post
745 1999 917 2060 Morelium.

215 2115 225 2148 ⁷
247 2114 409 2174 “Adverte
426 2114 611 2193 pronominis
630 2112 846 2192 repetitionem.
886 2113 1011 2172 Prorsus
1027 2113 1069 2172 itu
1084 2112 1240 2191 Aristoph.
1259 2109 1292 2170 in

158 2211 232 2271 Lex.
252 2210 341 2288 Segu.
358 2209 384 2269 1.
404 2230 434 2288 p.
453 2217 520 2270 888.
543 2208 681 2287 Xenoph.
705 2207 812 2266 OEcon.
829 2209 868 2265 X.
881 2215 909 2266 4.
935 2207 988 2265 ubi
1012 2207 1088 2265 nihil
1110 2207 1291 2277 novandum,

157 2307 264 2384 Eurip.
279 2305 385 2365 Phoen.
408 2313 474 2366 500.
496 2305 551 2365 ubi
570 2325 600 2364 v.
622 2304 729 2365 Valck.
770 2305 877 2380 Neque
898 2303 984 2363 aliter
1005 2302 1114 2372 LatinI,
1133 2312 1168 2361 ut
1187 2302 1295 2362 Cicero

157 2423 214 2482 pro
233 2402 301 2480 Lig.
323 2411 367 2461 12.
388 2400 487 2460 Caesar
503 2401 544 2476 B.
553 2400 590 2458 G.
607 2401 631 2459 I.
651 2409 698 2460 85.
721 2397 812 2458 Ovid.
829 2399 951 2457 Metam.
966 2399 1057 2458 VIII.
1075 2406 1140 2458 128.
1184 2398 1293 2476 Itaque

156 2499 243 2558 facile
264 2516 396 2557 caremus
422 2496 548 2555 Porsoni
574 2495 746 2574 conjectura
763 2495 891 2577 χρῆσθαί
910 2491 1117 2552 τε--Αὖτόν
1138 2492 1164 2550 τ’
1183 2491 1295 2552 ἐτικου·

156 2603 213 2676 ρεῖυ
226 2595 307 2663 τοῖσι,
327 2590 473 2674 κεῦτόρουσ
487 2600 584 2650 ποιεῖν.
625 2591 732 2670 Neque
751 2590 894 2668 asyndets
911 2589 1005 2648 oratio
1021 2587 1186 2668 quidquam
1201 2588 1293 2647 offen·

157 2690 246 2750 sionis
266 2689 384 2748 habet.”
424 2687 575 2746 Murmur.
615 2685 678 2745 Pro
695 2683 751 2758 ἐγώ
770 2682 813 2754 σέ,
834 2683 1022 2763 Tyrwhittus
1049 2684 1176 2764 conjecit
1194 2680 1294 2757 ἔγωγε,

158 2788 302 2866 probante
322 2786 462 2845 Dobraeo.

215 2890 318 2950 Μοὓς
342 2890 378 2949 ὃν
398 2890 499 2969 recepi
517 2910 535 2948 e
555 2889 673 2949 Schow.
695 2887 760 2948 cod.
777 2885 812 2946 B.
830 2905 887 2964 pro
907 2883 1031 2963 vulgato
1050 2884 1084 2942 ὥσ
1103 2882 1147 2942 αὐ.
1188 2883 1295 2943 Alexis
1322 2899 1325 2904 '

158 2987 270 3046 Athen.
291 3008 320 3066 p.
335 2994 401 3054 137.
419 2985 450 3043 (l.
493 2984 538 3044 οῦς
558 2982 593 3043 ἂν
619 2979 807 3062 σοφωτάτους
834 2979 956 3053 δύνωμαι.
997 2979 1085 3044 ,Tum
1108 2999 1164 3058 pro
1186 2981 1295 3037 σαυτοῦ

157 3082 238 3142 idem
251 3081 315 3141 cod.
329 3078 464 3139 ταῦταῦ.”
495 3081 643 3140 Murnnn.
678 3078 805 3156 “Supra
818 3075 852 3136 sie
865 3077 898 3135 in
910 3075 988 3135 A.B.
1003 3075 1149 3153 scriptum
1162 3086 1208 3134 est
1220 3074 1293 3133 ote?

159 3177 331 3236 Gsrsnonn.
378 3176 481 3245 Recte,
508 3186 544 3235 ut
569 3174 684 3253 opinor,
712 3173 756 3231 ode
778 3170 814 3230 dv
836 3171 950 3250 recepit
976 3169 1157 3229 Meinelsius.
1198 3170 1295 3228 Totus

157 3284 257 3332 autem
277 3272 360 3331 locus
381 3271 424 3330 sic
447 3291 478 3330 se
498 3269 588 3329 habet
608 3269 639 3328 in
663 3268 775 3329 Stobaei
788 3267 834 3328 ed.
850 3267 989 3326 Trincsv.
1014 3263 1048 3322 αό
1074 3263 1109 3323 οἲυ
1129 3262 1189 3344 δυύῃ
1215 3266 1293 3322 πλεί-

158 3393 242 3427 στους
259 3364 304 3425 lia*
324 3367 434 3425 σαυτοῦ
454 3365 459 3446 Ι
479 3366 569 3422 τοῦτο
589 3361 646 3445 peip
666 3361 810 3422 α’θᾶνατόν
825 3361 888 3422 ἔστι
912 3358 962 3440 κᾷν
978 3383 1052 3418 ποτε
1072 3361 1197 3418 πταίσας
1218 3358 1224 3441 Ι
1244 3357 1294 3418 τῦ·

158 3488 213 3544 χηο
230 3462 332 3523 ἐκεῖθεν
358 3487 383 3520 κ.
397 3487 426 3518 τ.
440 3473 468 3518 λ.
506 3459 550 3518 Et
570 3459 613 3518 sic
639 3459 800 3528 GesneruS,
826 3456 883 3515 nisi
907 3455 990 3533 quod
1015 3453 1125 3513 σαυτοῦ
1156 3455 1175 3488 ⁴*
1209 3455 1293 3531 (cum

156 3560 262 3619 lacuna
289 3553 415 3635 scilicet)
443 3553 571 3633 scripsit,
598 3562 629 3612 et
656 3551 729 3623 ἐστι,
756 3563 825 3632 post
854 3547 1006 3620 ἀθάνατον,
1033 3549 1154 3609 delevit.
1203 3549 1294 3610 Unde

158 3664 241 3714 notat
261 3653 404 3713 Grotius:
425 3650 511 3710 “Illa
529 3651 618 3707 τοῦτο
641 3646 698 3728 γάρ
718 3648 757 3723 ad
774 3669 894 3708 versum
918 3647 971 3726 qui
993 3645 1117 3704 mutilus
1137 3655 1200 3704 erat
1221 3665 1293 3726 sup·

156 3749 301 3829 plendum
322 3769 359 3808 ex
379 3746 514 3826 sequenti
536 3744 731 3818 retraxiruus:
755 3753 845 3822 atque
866 3742 909 3802 ibi
928 3751 997 3821 post
1013 3737 1157 3798 ἀθάνατον
1175 3741 1294 3801 addidi-

157 3864 224 3905 mus
233 3845 325 3906 ἔστιδ’
352 3843 449 3923 Atqui
461 3841 534 3913 ἐστι,
549 3840 631 3920 quod
641 3839 781 3909 vidimus,
794 3840 884 3899 etiem
895 3837 1110 3905 Trincavellus,
1120 3836 1292 3917 habentque

157 3941 250 4001 MSS.
270 3943 309 4000 A.
321 3941 360 3998 N.
381 3938 464 4017 apud
482 3936 696 4007 Gaisfordium,
709 3935 842 4014 itemque
862 3935 949 3994 codd.
972 3933 1109 3993 Schowii.
1152 3932 1292 3994 Grotium

157 4037 292 4115 sequitur
310 4032 621 4103 Gaisl'ordIus,·levius
641 4041 740 4090 tamen
761 4050 900 4108 pungens
920 4039 989 4107 post
1004 4027 1121 4097 σαυτοῦ,
1137 4048 1207 4088 cum
1228 4031 1293 4090 colo

157 4133 200 4193 ibi
225 4133 277 4191 ille
302 4150 375 4189 usus
404 4129 468 4188 sit*
498 4127 653 4197 Morelius,
678 4134 820 4205 sequente
847 4125 890 4182 H.
914 4122 1080 4202 Stephano:
1112 4121 1146 4181 sis
1172 4121 1207 4181 dv
1232 4124 1293 4207 δύνῃ

158 4233 308 4288 metemus
328 4217 372 4285 dm*
391 4228 498 4284 σαυτοῦ
517 4228 622 4302 φίλους.
644 4223 649 4303 Ι
671 4225 761 4280 τοῦτο
780 4219 835 4301 *scip
850 4218 1003 4278 α’θοῖυατον.
1026 4217 1076 4298 κᾷυ
1092 4245 1166 4278 τοτε
1180 4247 1205 4279 κ.
1221 4248 1249 4280 τ.
1264 4235 1291 4280 λ.

158 4325 252 4384 Miror
277 4322 323 4381 lua*
345 4324 475 4392 σεαυτοῦ,
505 4319 568 4396 (vel
595 4316 639 4377 διά
665 4344 697 4391 γε
730 4317 850 4395 σαυτοῦ)
881 4336 942 4375 nou
968 4314 1085 4375 dedisse
1112 4317 1293 4388 Morelium;
