2948 5010
480 301 711 358 vnnsmnns
734 307 907 356 LATINAE.

115 493 171 550 Ad
189 512 297 570 aquam
320 491 490 560 bibendam,
514 511 600 550 rana:
623 491 747 551 edendis
767 491 898 550 oleribus

117 588 286 665 Porroque,
304 606 406 646 eruca:
429 585 544 654 illuvie,
565 585 784 664 strigmentum,
806 587 940 644 scabres:

118 683 239 742 Merula
256 681 422 766 degendam
446 680 484 738 ad
500 680 629 740 hiemem
651 683 706 739 sub
727 681 804 740 Jove
824 680 951 757 frigido:

118 777 208 838 AEstu
227 777 350 836 ferendo
371 785 401 836 et
418 775 528 835 fabulis
550 774 674 835 meridie

119 873 241 943 Fandis,
265 872 383 932 cicada:
411 871 449 930 ad
470 871 527 930 olei
550 871 680 939 inuaum,
701 870 803 949 pulvis
823 881 884 938 est:
912 891 914 896 ·
987 915 989 922 .

118 969 172 1027 Au
193 967 407 1028 ambulandum
426 986 521 1034 mane,
544 966 596 1024 sed
619 965 682 1024 sine
704 966 833 1036 calceis¹‚

120 1065 218 1123 Grus:
246 1064 284 1123 ad
308 1062 475 1122 ducendam
495 1072 613 1121 noctem
633 1062 808 1130 insomnem,
831 1072 952 1121 noctuas

563 1704 826 1770 D10DORUS..
893 1769 894 1774 ,

581 1931 608 1995 1.
651 1932 706 2017 (P.
723 1932 790 2013 65.)

120 2110 232 2188 Legem
254 2110 331 2169 hanc
350 2109 478 2178 condixi,
500 2119 590 2185 atque
606 2109 671 2186 ipse
692 2109 832 2168 constitui
852 2111 940 2168 mihi:

120 2205 167 2262 Ita
187 2204 270 2273 scivi,
292 2205 333 2262 its
352 2204 445 2273 sanxi,
467 2203 510 2262 ita
532 2202 623 2261 animi
646 2214 703 2262 stat
725 2206 888 2263 sententia:

122 2298 173 2357 Pol
194 2298 283 2358 satius
304 2299 424 2377 inopem
441 2298 550 2357 ducere
566 2297 705 2356 eductam
725 2301 829 2376 probe,

120 2394 217 2466 Quam
237 2393 313 2451 male
336 2403 479 2451 moratam
501 2391 569 2450 dote
592 2392 701 2451 fretam
722 2393 838 2470 dapsili,

121 2489 197 2547 Vitae
218 2500 384 2548 consortem
404 2488 530 2546 assiduae
554 2489 785 2547 consuetudinis.

121 2728 208 2787 Hanc
228 2749 302 2806 ergo
317 2729 414 2807 legem
433 2729 497 2808 jam
521 2729 584 2786 fero
605 2729 732 2807 ipsemet
751 2722 834 2798 mihi,

121 2825 157 2882 Id
175 2825 281 2894 facere,
303 2824 417 2885 dictum
440 2825 522 2903 quod
542 2824 610 2893 fuit,
631 2825 825 2883 consentiens.

121 2921 245 2997 Nanque
268 2919 424 2979 educatam
444 2929 567 2998 praestat
582 2939 707 2978 uxorem
728 2921 805 2978 bene
834 2969 839 2980 ,

119 3015 189 3075 Sine
209 3014 278 3074 dote
297 3015 415 3085 habere,
441 3036 530 3094 quam
551 3016 637 3085 male,
659 3025 749 3094 atque
773 3013 905 3085 divitem,

119 3111 194 3183 Quae
212 3110 318 3189 juncta
334 3111 391 3169 erit
412 3111 480 3168 vitre
501 3110 574 3168 mihi
596 3111 750 3170 consortio.

563 3453 608 3516 11.
655 3454 710 3539 (P.
727 3455 796 3535 ss.)

121 3629 201 3685 Mors
223 3637 268 3686 est
288 3636 440 3704 sequestra
461 3625 575 3683 litium:
603 3625 744 3701 namqui
767 3625 854 3704 prius
910 3675 911 3681 ,

120 3722 219 3780 Odere
239 3723 334 3782 eidem
359 3731 454 3779 morte
478 3720 634 3779 defunctos
654 3732 766 3778 amant.
791 3767 794 3775 ,

1027 3846 1030 3851 ·
1073 3821 1173 3878 (inor.

460 3979 467 4007 ¹
483 3993 562 4038 marre,
578 3977 732 4024 octodecim
748 3975 883 4040 S'chveigh.

601 4185 768 4192 ....--—-—·-.--

119 4356 526 4442 snrsmrnon—nrouonus.]
