<?xml version="1.0" encoding="UTF-8"?>
<!DOCTYPE html PUBLIC "-//W3C//DTD XHTML 1.0 Transitional//EN"
    "http://www.w3.org/TR/xhtml1/DTD/xhtml1-transitional.dtd">
<html xmlns="http://www.w3.org/1999/xhtml" xml:lang="en" lang="en">
 <head>
  <title>
</title>
<meta http-equiv="Content-Type" content="text/html;charset=utf-8" />
  <meta name='ocr-system' content='tesseract 3.04.00' />
  <meta name='ocr-capabilities' content='ocr_page ocr_carea ocr_par ocr_line ocrx_word'/>
</head>
<body>
  <div class='ocr_page' id='page_1' title='image "./comicorumgraeco00bailgoog_0140.png"; bbox 0 0 2990 5010; ppageno 0'>
   <div class='ocr_carea' id='block_1_1' title="bbox 575 359 815 410">
    <p class='ocr_par' dir='ltr' id='par_1_1' title="bbox 575 359 815 410">
     <span class='ocr_line' id='line_1_1' title="bbox 575 359 815 410; baseline -0.008 0"><span class='ocrx_word' id='word_1_1' title='bbox 575 359 815 410; x_wconf 79' lang='lat' dir='ltr'>MENANDER.</span> 
     </span>
    </p>
   </div>
   <div class='ocr_carea' id='block_1_2' title="bbox 122 545 1004 643">
    <p class='ocr_par' dir='ltr' id='par_1_2' title="bbox 122 545 1004 643">
     <span class='ocr_line' id='line_1_2' title="bbox 122 545 1004 643; baseline 0.009 -33"><span class='ocrx_word' id='word_1_2' title='bbox 122 611 126 620; x_wconf 66' lang='lat'><em>,</em></span> <span class='ocrx_word' id='word_1_3' title='bbox 232 545 282 613; x_wconf 77' lang='lat' dir='ltr'><strong>roi</strong></span> <span class='ocrx_word' id='word_1_4' title='bbox 309 545 626 641; x_wconf 79' lang='grc' dir='ltr'>περιθειωσκίτωσαν,</span> <span class='ocrx_word' id='word_1_5' title='bbox 650 547 717 617; x_wconf 77' lang='grc' dir='ltr'><strong>ἀπὸ</strong></span> <span class='ocrx_word' id='word_1_6' title='bbox 742 553 878 643; x_wconf 83' lang='grc' dir='ltr'>κρουνῶν</span> <span class='ocrx_word' id='word_1_7' title='bbox 904 545 1004 643; x_wconf 81' lang='grc' dir='ltr'>τριῶν</span> 
     </span>
    </p>
   </div>
   <div class='ocr_carea' id='block_1_3' title="bbox 232 655 1245 869">
    <p class='ocr_par' dir='ltr' id='par_1_3' title="bbox 232 655 1245 869">
     <span class='ocr_line' id='line_1_3' title="bbox 232 655 1000 760; baseline 0.001 -32"><span class='ocrx_word' id='word_1_8' title='bbox 232 655 320 732; x_wconf 72' lang='grc' dir='ltr'>ὕδατι</span> <span class='ocrx_word' id='word_1_9' title='bbox 344 659 535 757; x_wconf 55' lang='grc' dir='ltr'>περίρῥανῧ,</span> <span class='ocrx_word' id='word_1_10' title='bbox 558 662 713 752; x_wconf 68' lang='grc' dir='ltr'>ἐμβαλών</span> <span class='ocrx_word' id='word_1_11' title='bbox 736 663 828 747; x_wconf 82' lang='grc' dir='ltr'>ἅλας,</span> <span class='ocrx_word' id='word_1_12' title='bbox 855 664 1000 760; x_wconf 56' lang='grc' dir='ltr'>φακούς4.</span> 
     </span>
     <span class='ocr_line' id='line_1_4' title="bbox 460 789 1245 869; baseline 0 -21"><span class='ocrx_word' id='word_1_13' title='bbox 460 791 553 869; x_wconf 89' lang='lat' dir='ltr'><strong>Apud</strong></span> <span class='ocrx_word' id='word_1_14' title='bbox 569 791 669 851; x_wconf 71' lang='lat' dir='ltr'><strong>Creu.</strong></span> <span class='ocrx_word' id='word_1_15' title='bbox 684 793 786 850; x_wconf 74' lang='lat' dir='ltr'><strong>Anax.</strong></span> <span class='ocrx_word' id='word_1_16' title='bbox 801 789 907 851; x_wconf 90' lang='lat' dir='ltr'><strong>Strom.</strong></span> <span class='ocrx_word' id='word_1_17' title='bbox 922 791 995 849; x_wconf 92' lang='lat' dir='ltr'><strong>VII.</strong></span> <span class='ocrx_word' id='word_1_18' title='bbox 1009 811 1039 868; x_wconf 90' lang='lat' dir='ltr'><strong>p.</strong></span> <span class='ocrx_word' id='word_1_19' title='bbox 1053 798 1118 849; x_wconf 77' lang='lat'><strong>844.</strong></span> <span class='ocrx_word' id='word_1_20' title='bbox 1133 789 1245 848; x_wconf 89' lang='lat' dir='ltr'><strong>Potter.</strong></span> 
     </span>
    </p>
   </div>
   <div class='ocr_carea' id='block_1_4' title="bbox 109 951 1267 1869">
    <p class='ocr_par' dir='ltr' id='par_1_4' title="bbox 109 951 1267 1869">
     <span class='ocr_line' id='line_1_5' title="bbox 190 951 1267 1032; baseline 0 -22"><span class='ocrx_word' id='word_1_21' title='bbox 190 953 198 981; x_wconf 91' lang='lat'><strong>¹</strong></span> <span class='ocrx_word' id='word_1_22' title='bbox 220 951 332 1012; x_wconf 87' lang='lat' dir='ltr'><strong>“Inter</strong></span> <span class='ocrx_word' id='word_1_23' title='bbox 357 955 543 1032; x_wconf 83' lang='lat' dir='ltr'><strong>Menagyrtae</strong></span> <span class='ocrx_word' id='word_1_24' title='bbox 566 955 745 1032; x_wconf 83' lang='lat' dir='ltr'><strong>Fragmenta</strong></span> <span class='ocrx_word' id='word_1_25' title='bbox 767 955 848 1014; x_wconf 89' lang='lat' dir='ltr'><strong>hunc</strong></span> <span class='ocrx_word' id='word_1_26' title='bbox 873 953 972 1013; x_wconf 88' lang='lat' dir='ltr'><strong>locum</strong></span> <span class='ocrx_word' id='word_1_27' title='bbox 996 965 1106 1012; x_wconf 91' lang='lat' dir='ltr'><strong>temere</strong></span> <span class='ocrx_word' id='word_1_28' title='bbox 1128 951 1267 1030; x_wconf 87' lang='lat' dir='ltr'><strong>apposuit</strong></span> 
     </span>
     <span class='ocr_line' id='line_1_6' title="bbox 126 1045 1265 1127; baseline 0.002 -24"><span class='ocrx_word' id='word_1_29' title='bbox 126 1045 272 1117; x_wconf 75' lang='lat' dir='ltr'><strong>ClerieuS,</strong></span> <span class='ocrx_word' id='word_1_30' title='bbox 285 1069 374 1126; x_wconf 90' lang='lat' dir='ltr'><strong>quem</strong></span> <span class='ocrx_word' id='word_1_31' title='bbox 385 1061 504 1109; x_wconf 90' lang='lat' dir='ltr'><strong>secutus</strong></span> <span class='ocrx_word' id='word_1_32' title='bbox 512 1060 557 1109; x_wconf 88' lang='lat' dir='ltr'><strong>est</strong></span> <span class='ocrx_word' id='word_1_33' title='bbox 568 1049 700 1127; x_wconf 91' lang='lat' dir='ltr'><strong>Elmsley</strong></span> <span class='ocrx_word' id='word_1_34' title='bbox 710 1051 815 1109; x_wconf 87' lang='lat' dir='ltr'><strong>Museo</strong></span> <span class='ocrx_word' id='word_1_35' title='bbox 826 1051 889 1109; x_wconf 88' lang='lat' dir='ltr'><strong>crit.</strong></span> <span class='ocrx_word' id='word_1_36' title='bbox 903 1047 960 1108; x_wconf 93' lang='lat' dir='ltr'><strong>VI.</strong></span> <span class='ocrx_word' id='word_1_37' title='bbox 972 1070 1002 1126; x_wconf 90' lang='lat' dir='ltr'><strong>p.</strong></span> <span class='ocrx_word' id='word_1_38' title='bbox 1014 1051 1098 1108; x_wconf 80' lang='lat'><strong>308.&#39;’</strong></span> <span class='ocrx_word' id='word_1_39' title='bbox 1120 1049 1265 1106; x_wconf 78' lang='lat' dir='ltr'><strong>Mnrnnrr.</strong></span> 
     </span>
     <span class='ocr_line' id='line_1_7' title="bbox 109 1138 1266 1228; baseline 0.002 -30"><span class='ocrx_word' id='word_1_40' title='bbox 109 1138 343 1228; x_wconf 69' lang='grc' dir='ltr'><strong>ΙΜηνραγύρτηι</strong></span> <span class='ocrx_word' id='word_1_41' title='bbox 364 1144 478 1204; x_wconf 86' lang='lat' dir='ltr'><strong>Clerieo</strong></span> <span class='ocrx_word' id='word_1_42' title='bbox 498 1145 582 1203; x_wconf 90' lang='lat' dir='ltr'><strong>audit</strong></span> <span class='ocrx_word' id='word_1_43' title='bbox 602 1144 666 1204; x_wconf 83' lang='lat' dir='ltr'><strong>haee</strong></span> <span class='ocrx_word' id='word_1_44' title='bbox 684 1146 794 1215; x_wconf 86' lang='lat' dir='ltr'><strong>fabula,</strong></span> <span class='ocrx_word' id='word_1_45' title='bbox 815 1164 876 1202; x_wconf 90' lang='lat' dir='ltr'><strong>non</strong></span> <span class='ocrx_word' id='word_1_46' title='bbox 894 1142 1092 1224; x_wconf 71' lang='grc' dir='ltr'>Μηναγύρτηι.</span> <span class='ocrx_word' id='word_1_47' title='bbox 1134 1142 1194 1200; x_wconf 88' lang='lat' dir='ltr'><strong>Sed</strong></span> <span class='ocrx_word' id='word_1_48' title='bbox 1209 1141 1266 1200; x_wconf 87' lang='lat' dir='ltr'><strong>hoe</strong></span> 
     </span>
     <span class='ocr_line' id='line_1_8' title="bbox 125 1235 1264 1317; baseline 0 -25"><span class='ocrx_word' id='word_1_49' title='bbox 125 1257 235 1295; x_wconf 91' lang='lat' dir='ltr'><strong>verum</strong></span> <span class='ocrx_word' id='word_1_50' title='bbox 254 1249 313 1296; x_wconf 86' lang='lat' dir='ltr'><strong>est.</strong></span> <span class='ocrx_word' id='word_1_51' title='bbox 347 1239 424 1298; x_wconf 85' lang='lat' dir='ltr'>Vide</span> <span class='ocrx_word' id='word_1_52' title='bbox 444 1241 564 1298; x_wconf 86' lang='lat' dir='ltr'><strong>Person.</strong></span> <span class='ocrx_word' id='word_1_53' title='bbox 584 1239 710 1298; x_wconf 92' lang='lat' dir='ltr'><strong>Advers.</strong></span> <span class='ocrx_word' id='word_1_54' title='bbox 729 1261 757 1317; x_wconf 91' lang='lat' dir='ltr'><strong>p.</strong></span> <span class='ocrx_word' id='word_1_55' title='bbox 776 1248 840 1300; x_wconf 73' lang='lat'><strong>125.</strong></span> <span class='ocrx_word' id='word_1_56' title='bbox 868 1239 982 1297; x_wconf 91' lang='lat' dir='ltr'><strong>Meurs.</strong></span> <span class='ocrx_word' id='word_1_57' title='bbox 998 1238 1074 1295; x_wconf 91' lang='lat' dir='ltr'><strong>Bibl.</strong></span> <span class='ocrx_word' id='word_1_58' title='bbox 1090 1239 1146 1294; x_wconf 89' lang='lat' dir='ltr'><strong>Att</strong></span> <span class='ocrx_word' id='word_1_59' title='bbox 1170 1237 1206 1293; x_wconf 90' lang='lat' dir='ltr'><strong>T.</strong></span> <span class='ocrx_word' id='word_1_60' title='bbox 1222 1235 1264 1293; x_wconf 91' lang='lat' dir='ltr'><strong>II.</strong></span> 
     </span>
     <span class='ocr_line' id='line_1_9' title="bbox 124 1333 1264 1413; baseline -0.002 -21"><span class='ocrx_word' id='word_1_61' title='bbox 124 1353 157 1410; x_wconf 80' lang='lat' dir='ltr'><strong>p·</strong></span> <span class='ocrx_word' id='word_1_62' title='bbox 174 1341 240 1392; x_wconf 72' lang='lat'><strong>820.</strong></span> <span class='ocrx_word' id='word_1_63' title='bbox 264 1335 347 1392; x_wconf 90' lang='lat' dir='ltr'><strong>Lam.</strong></span> <span class='ocrx_word' id='word_1_64' title='bbox 371 1335 528 1411; x_wconf 87' lang='lat' dir='ltr'><strong>Erasmum</strong></span> <span class='ocrx_word' id='word_1_65' title='bbox 546 1335 575 1392; x_wconf 91' lang='lat' dir='ltr'><strong>in</strong></span> <span class='ocrx_word' id='word_1_66' title='bbox 595 1335 714 1411; x_wconf 84' lang='lat' dir='ltr'><strong>Adagio</strong></span> <span class='ocrx_word' id='word_1_67' title='bbox 735 1334 900 1394; x_wconf 81' lang='lat' dir='ltr'><strong>Circulotor</strong></span> <span class='ocrx_word' id='word_1_68' title='bbox 919 1333 1073 1413; x_wconf 72' lang='lat' dir='ltr'><em>Cybeleius,</em></span> <span class='ocrx_word' id='word_1_69' title='bbox 1091 1343 1121 1391; x_wconf 91' lang='lat' dir='ltr'><strong>et</strong></span> <span class='ocrx_word' id='word_1_70' title='bbox 1141 1334 1264 1410; x_wconf 89' lang='lat' dir='ltr'><strong>Appen·</strong></span> 
     </span>
     <span class='ocr_line' id='line_1_10' title="bbox 125 1427 1265 1507; baseline 0 -22"><span class='ocrx_word' id='word_1_71' title='bbox 125 1427 204 1486; x_wconf 88' lang='lat' dir='ltr'><strong>dicis</strong></span> <span class='ocrx_word' id='word_1_72' title='bbox 217 1441 325 1488; x_wconf 83' lang='lat' dir='ltr'><strong>nostrae</strong></span> <span class='ocrx_word' id='word_1_73' title='bbox 339 1429 460 1507; x_wconf 81' lang='lat' dir='ltr'><strong>Fragm.</strong></span> <span class='ocrx_word' id='word_1_74' title='bbox 475 1431 564 1488; x_wconf 91' lang='lat' dir='ltr'><strong>XIII.</strong></span> <span class='ocrx_word' id='word_1_75' title='bbox 600 1431 707 1489; x_wconf 78' lang='lat' dir='ltr'>Obiter</span> <span class='ocrx_word' id='word_1_76' title='bbox 719 1432 838 1499; x_wconf 84' lang='lat' dir='ltr'><strong>notabo,</strong></span> <span class='ocrx_word' id='word_1_77' title='bbox 853 1430 985 1488; x_wconf 86' lang='lat' dir='ltr'><strong>fabulam</strong></span> <span class='ocrx_word' id='word_1_78' title='bbox 996 1428 1186 1506; x_wconf 82' lang='lat' dir='ltr'><strong>Antiphanis‚</strong></span> <span class='ocrx_word' id='word_1_79' title='bbox 1198 1448 1265 1505; x_wconf 82' lang='lat' dir='ltr'><strong>quoe</strong></span> 
     </span>
     <span class='ocr_line' id='line_1_11' title="bbox 125 1521 1264 1605; baseline 0.001 -26"><span class='ocrx_word' id='word_1_80' title='bbox 125 1521 309 1605; x_wconf 68' lang='grc' dir='ltr'>Μηναγύρτικ</span> <span class='ocrx_word' id='word_1_81' title='bbox 326 1525 499 1584; x_wconf 78' lang='lat' dir='ltr'>inscribitur</span> <span class='ocrx_word' id='word_1_82' title='bbox 513 1525 640 1583; x_wconf 87' lang='lat' dir='ltr'><strong>Antiatt.</strong></span> <span class='ocrx_word' id='word_1_83' title='bbox 657 1524 786 1583; x_wconf 81' lang='lat' dir='ltr'><strong>Bekkeri</strong></span> <span class='ocrx_word' id='word_1_84' title='bbox 801 1545 830 1602; x_wconf 89' lang='lat' dir='ltr'><strong>p.</strong></span> <span class='ocrx_word' id='word_1_85' title='bbox 847 1533 893 1584; x_wconf 87' lang='lat'><strong>88.</strong></span> <span class='ocrx_word' id='word_1_86' title='bbox 911 1532 955 1584; x_wconf 89' lang='grc'><strong>18.</strong></span> <span class='ocrx_word' id='word_1_87' title='bbox 985 1522 1199 1604; x_wconf 62' lang='grc' dir='ltr'>Μητραγύρτης</span> <span class='ocrx_word' id='word_1_88' title='bbox 1219 1524 1264 1580; x_wconf 89' lang='lat' dir='ltr'><strong>in·</strong></span> 
     </span>
     <span class='ocr_line' id='line_1_12' title="bbox 126 1618 1265 1698; baseline 0 -22"><span class='ocrx_word' id='word_1_89' title='bbox 126 1619 218 1677; x_wconf 86' lang='lat' dir='ltr'>scribi</span> <span class='ocrx_word' id='word_1_90' title='bbox 236 1619 318 1697; x_wconf 87' lang='lat' dir='ltr'><strong>apud</strong></span> <span class='ocrx_word' id='word_1_91' title='bbox 331 1619 442 1679; x_wconf 88' lang='lat' dir='ltr'><strong>Athen.</strong></span> <span class='ocrx_word' id='word_1_92' title='bbox 459 1621 548 1678; x_wconf 89' lang='lat' dir='ltr'><strong>XIII.</strong></span> <span class='ocrx_word' id='word_1_93' title='bbox 562 1641 593 1698; x_wconf 91' lang='lat' dir='ltr'><strong>p.</strong></span> <span class='ocrx_word' id='word_1_94' title='bbox 610 1628 675 1680; x_wconf 84' lang='lat'><strong>553.</strong></span> <span class='ocrx_word' id='word_1_95' title='bbox 690 1621 722 1678; x_wconf 89' lang='lat' dir='ltr'><strong>C.</strong></span> <span class='ocrx_word' id='word_1_96' title='bbox 763 1621 902 1678; x_wconf 90' lang='lat' dir='ltr'><strong>Ceterum</strong></span> <span class='ocrx_word' id='word_1_97' title='bbox 923 1619 979 1678; x_wconf 87' lang='lat' dir='ltr'><strong>hoc</strong></span> <span class='ocrx_word' id='word_1_98' title='bbox 998 1618 1154 1678; x_wconf 85' lang='lat' dir='ltr'><strong>Menandri</strong></span> <span class='ocrx_word' id='word_1_99' title='bbox 1170 1618 1265 1695; x_wconf 83' lang='lat' dir='ltr'><strong>Frag-</strong></span> 
     </span>
     <span class='ocr_line' id='line_1_13' title="bbox 126 1713 1265 1791; baseline -0.001 -20"><span class='ocrx_word' id='word_1_100' title='bbox 126 1724 261 1772; x_wconf 88' lang='lat' dir='ltr'><strong>mentum</strong></span> <span class='ocrx_word' id='word_1_101' title='bbox 280 1714 318 1773; x_wconf 87' lang='lat' dir='ltr'><strong>ad</strong></span> <span class='ocrx_word' id='word_1_102' title='bbox 336 1714 533 1787; x_wconf 80' lang='grc' dir='ltr'>Δειαιδαίρανα</span> <span class='ocrx_word' id='word_1_103' title='bbox 552 1715 683 1774; x_wconf 82' lang='lat' dir='ltr'><strong>fabulam</strong></span> <span class='ocrx_word' id='word_1_104' title='bbox 702 1715 794 1774; x_wconf 83' lang='lat' dir='ltr'><strong>refert</strong></span> <span class='ocrx_word' id='word_1_105' title='bbox 811 1714 990 1782; x_wconf 85' lang='lat' dir='ltr'><strong>Meinekius‚</strong></span> <span class='ocrx_word' id='word_1_106' title='bbox 1014 1713 1099 1791; x_wconf 83' lang='lat' dir='ltr'><strong>cujus</strong></span> <span class='ocrx_word' id='word_1_107' title='bbox 1119 1713 1265 1772; x_wconf 84' lang='lat' dir='ltr'><strong>recensio-</strong></span> 
     </span>
     <span class='ocr_line' id='line_1_14' title="bbox 125 1821 430 1869; baseline 0 -3"><span class='ocrx_word' id='word_1_108' title='bbox 125 1829 196 1867; x_wconf 92' lang='lat' dir='ltr'><strong>nem</strong></span> <span class='ocrx_word' id='word_1_109' title='bbox 216 1821 334 1869; x_wconf 86' lang='lat' dir='ltr'><strong>seeutus</strong></span> <span class='ocrx_word' id='word_1_110' title='bbox 356 1830 430 1868; x_wconf 89' lang='lat' dir='ltr'><strong>sum.</strong></span> 
     </span>
    </p>
   </div>
   <div class='ocr_carea' id='block_1_5' title="bbox 126 1915 1267 4176">
    <p class='ocr_par' dir='ltr' id='par_1_5' title="bbox 126 1915 1267 4176">
     <span class='ocr_line' id='line_1_15' title="bbox 187 1915 1264 2001; baseline 0 -24"><span class='ocrx_word' id='word_1_111' title='bbox 187 1919 198 1950; x_wconf 77' lang='lat'><strong>⁹</strong></span> <span class='ocrx_word' id='word_1_112' title='bbox 217 1921 265 1980; x_wconf 92' lang='lat' dir='ltr'><strong>Ita</strong></span> <span class='ocrx_word' id='word_1_113' title='bbox 279 1921 402 1979; x_wconf 89' lang='lat' dir='ltr'><strong>Grotius</strong></span> <span class='ocrx_word' id='word_1_114' title='bbox 420 1922 492 1979; x_wconf 87' lang='lat' dir='ltr'><strong>Exe.</strong></span> <span class='ocrx_word' id='word_1_115' title='bbox 506 1942 536 1999; x_wconf 93' lang='lat' dir='ltr'><strong>p.</strong></span> <span class='ocrx_word' id='word_1_116' title='bbox 550 1928 615 1987; x_wconf 83' lang='lat'><strong>751.</strong></span> <span class='ocrx_word' id='word_1_117' title='bbox 632 1921 703 1997; x_wconf 87' lang='lat' dir='ltr'><strong>(nisi</strong></span> <span class='ocrx_word' id='word_1_118' title='bbox 718 1920 799 1999; x_wconf 92' lang='lat' dir='ltr'><strong>quod</strong></span> <span class='ocrx_word' id='word_1_119' title='bbox 815 1918 900 2001; x_wconf 67' lang='lat' dir='ltr'><strong>laxes</strong></span> <span class='ocrx_word' id='word_1_120' title='bbox 917 1939 972 1997; x_wconf 94' lang='lat' dir='ltr'><strong>pro</strong></span> <span class='ocrx_word' id='word_1_121' title='bbox 990 1915 1077 1998; x_wconf 67' lang='grc' dir='ltr'>εἶχες)</span> <span class='ocrx_word' id='word_1_122' title='bbox 1099 1919 1150 1996; x_wconf 89' lang='lat' dir='ltr'><strong>qui</strong></span> <span class='ocrx_word' id='word_1_123' title='bbox 1168 1919 1205 1976; x_wconf 86' lang='lat' dir='ltr'><strong>ad</strong></span> <span class='ocrx_word' id='word_1_124' title='bbox 1221 1920 1264 1977; x_wconf 89' lang='lat' dir='ltr'><strong>lo·</strong></span> 
     </span>
     <span class='ocr_line' id='line_1_16' title="bbox 126 2010 1265 2093; baseline -0.002 -20"><span class='ocrx_word' id='word_1_125' title='bbox 126 2036 197 2073; x_wconf 88' lang='lat' dir='ltr'><strong>eum</strong></span> <span class='ocrx_word' id='word_1_126' title='bbox 219 2017 261 2075; x_wconf 86' lang='lat' dir='ltr'><strong>sio</strong></span> <span class='ocrx_word' id='word_1_127' title='bbox 281 2027 379 2074; x_wconf 91' lang='lat' dir='ltr'><strong>notat:</strong></span> <span class='ocrx_word' id='word_1_128' title='bbox 417 2015 572 2092; x_wconf 86' lang='lat' dir='ltr'><strong>“Legitur</strong></span> <span class='ocrx_word' id='word_1_129' title='bbox 590 2016 672 2093; x_wconf 83' lang='lat' dir='ltr'><strong>apud</strong></span> <span class='ocrx_word' id='word_1_130' title='bbox 692 2016 876 2075; x_wconf 82' lang='lat' dir='ltr'><strong>Clementem</strong></span> <span class='ocrx_word' id='word_1_131' title='bbox 897 2018 921 2072; x_wconf 80' lang='grc' dir='ltr'><strong>εἴ</strong></span> <span class='ocrx_word' id='word_1_132' title='bbox 938 2010 985 2086; x_wconf 82' lang='grc' dir='ltr'><strong>μέν</strong></span> <span class='ocrx_word' id='word_1_133' title='bbox 1009 2039 1037 2070; x_wconf 83' lang='grc' dir='ltr'><strong>τι</strong></span> <span class='ocrx_word' id='word_1_134' title='bbox 1059 2011 1158 2082; x_wconf 73' lang='grc' dir='ltr'>ἀληθέι</span> <span class='ocrx_word' id='word_1_135' title='bbox 1181 2014 1265 2071; x_wconf 80' lang='grc' dir='ltr'>κακόν</span> 
     </span>
     <span class='ocr_line' id='line_1_17' title="bbox 127 2110 1264 2193; baseline 0.001 -25"><span class='ocrx_word' id='word_1_136' title='bbox 127 2110 203 2193; x_wconf 78' lang='grc' dir='ltr'>εἶχει</span> <span class='ocrx_word' id='word_1_137' title='bbox 223 2111 383 2192; x_wconf 83' lang='grc' dir='ltr'>φιλιαίζειν.”</span> <span class='ocrx_word' id='word_1_138' title='bbox 431 2114 488 2170; x_wconf 90' lang='lat' dir='ltr'><strong>Pro</strong></span> <span class='ocrx_word' id='word_1_139' title='bbox 515 2111 608 2170; x_wconf 80' lang='grc' dir='ltr'>Φειδία</span> <span class='ocrx_word' id='word_1_140' title='bbox 629 2123 738 2182; x_wconf 86' lang='lat' dir='ltr'><strong>autem,</strong></span> <span class='ocrx_word' id='word_1_141' title='bbox 766 2133 834 2171; x_wconf 90' lang='lat' dir='ltr'><strong>cum</strong></span> <span class='ocrx_word' id='word_1_142' title='bbox 856 2131 1002 2191; x_wconf 87' lang='lat' dir='ltr'><strong>nusquam</strong></span> <span class='ocrx_word' id='word_1_143' title='bbox 1026 2110 1097 2168; x_wconf 87' lang='lat' dir='ltr'><strong>alibi</strong></span> <span class='ocrx_word' id='word_1_144' title='bbox 1118 2110 1150 2166; x_wconf 93' lang='lat' dir='ltr'><strong>in</strong></span> <span class='ocrx_word' id='word_1_145' title='bbox 1172 2111 1264 2188; x_wconf 85' lang='lat' dir='ltr'><strong>Frag-</strong></span> 
     </span>
     <span class='ocr_line' id='line_1_18' title="bbox 126 2206 1264 2285; baseline -0.001 -21"><span class='ocrx_word' id='word_1_146' title='bbox 126 2208 235 2266; x_wconf 89' lang='lat' dir='ltr'><strong>mentis</strong></span> <span class='ocrx_word' id='word_1_147' title='bbox 248 2207 441 2266; x_wconf 85' lang='lat' dir='ltr'><strong>Menandreis</strong></span> <span class='ocrx_word' id='word_1_148' title='bbox 461 2219 597 2266; x_wconf 86' lang='lat' dir='ltr'><strong>occurrat</strong></span> <span class='ocrx_word' id='word_1_149' title='bbox 619 2208 683 2267; x_wconf 85' lang='lat' dir='ltr'><strong>haee</strong></span> <span class='ocrx_word' id='word_1_150' title='bbox 700 2225 836 2285; x_wconf 87' lang='lat' dir='ltr'><strong>persona,</strong></span> <span class='ocrx_word' id='word_1_151' title='bbox 859 2206 927 2265; x_wconf 90' lang='lat' dir='ltr'><strong>vide</strong></span> <span class='ocrx_word' id='word_1_152' title='bbox 946 2226 1044 2265; x_wconf 84' lang='lat' dir='ltr'><strong>annon</strong></span> <span class='ocrx_word' id='word_1_153' title='bbox 1058 2207 1147 2262; x_wconf 87' lang='grc' dir='ltr'>Φανία</span> <span class='ocrx_word' id='word_1_154' title='bbox 1159 2207 1264 2264; x_wconf 88' lang='lat' dir='ltr'><strong>rescri-</strong></span> 
     </span>
     <span class='ocr_line' id='line_1_19' title="bbox 127 2301 1263 2381; baseline -0.002 -20"><span class='ocrx_word' id='word_1_155' title='bbox 127 2302 260 2361; x_wconf 88' lang='lat' dir='ltr'><strong>bendum</strong></span> <span class='ocrx_word' id='word_1_156' title='bbox 275 2304 320 2361; x_wconf 91' lang='lat' dir='ltr'><strong>sit.</strong></span> <span class='ocrx_word' id='word_1_157' title='bbox 362 2303 439 2361; x_wconf 90' lang='lat' dir='ltr'><strong>Vide</strong></span> <span class='ocrx_word' id='word_1_158' title='bbox 453 2303 531 2361; x_wconf 86' lang='lat' dir='ltr'><strong>infra</strong></span> <span class='ocrx_word' id='word_1_159' title='bbox 546 2304 663 2381; x_wconf 85' lang='lat' dir='ltr'><strong>Fragm.</strong></span> <span class='ocrx_word' id='word_1_160' title='bbox 678 2303 734 2361; x_wconf 92' lang='lat' dir='ltr'><strong>IX.</strong></span> <span class='ocrx_word' id='word_1_161' title='bbox 751 2312 777 2362; x_wconf 94' lang='lat' dir='ltr'><strong>l.</strong></span> <span class='ocrx_word' id='word_1_162' title='bbox 800 2303 931 2379; x_wconf 87' lang='lat' dir='ltr'><strong>itemque</strong></span> <span class='ocrx_word' id='word_1_163' title='bbox 949 2301 1031 2360; x_wconf 86' lang='lat' dir='ltr'><strong>aliud</strong></span> <span class='ocrx_word' id='word_1_164' title='bbox 1048 2301 1263 2359; x_wconf 87' lang='lat' dir='ltr'><strong>Menandreum</strong></span> 
     </span>
     <span class='ocr_line' id='line_1_20' title="bbox 127 2396 1265 2477; baseline -0.001 -21"><span class='ocrx_word' id='word_1_165' title='bbox 127 2399 209 2475; x_wconf 84' lang='lat' dir='ltr'><strong>apud</strong></span> <span class='ocrx_word' id='word_1_166' title='bbox 223 2399 303 2457; x_wconf 89' lang='lat' dir='ltr'><strong>Stob.</strong></span> <span class='ocrx_word' id='word_1_167' title='bbox 319 2419 409 2476; x_wconf 85' lang='lat' dir='ltr'><strong>supra</strong></span> <span class='ocrx_word' id='word_1_168' title='bbox 423 2399 545 2458; x_wconf 85' lang='lat' dir='ltr'><strong>citatum</strong></span> <span class='ocrx_word' id='word_1_169' title='bbox 559 2399 590 2456; x_wconf 96' lang='lat' dir='ltr'><strong>in</strong></span> <span class='ocrx_word' id='word_1_170' title='bbox 608 2420 636 2456; x_wconf 95' lang='lat' dir='ltr'><strong>n.</strong></span> <span class='ocrx_word' id='word_1_171' title='bbox 653 2407 680 2458; x_wconf 77' lang='lat'><strong>2.</strong></span> <span class='ocrx_word' id='word_1_172' title='bbox 699 2399 738 2457; x_wconf 94' lang='lat' dir='ltr'><strong>ad</strong></span> <span class='ocrx_word' id='word_1_173' title='bbox 756 2398 927 2477; x_wconf 82' lang='lat' dir='ltr'><strong>Euphronis</strong></span> <span class='ocrx_word' id='word_1_174' title='bbox 942 2398 1059 2475; x_wconf 84' lang='lat' dir='ltr'><strong>Fragm.</strong></span> <span class='ocrx_word' id='word_1_175' title='bbox 1077 2396 1133 2456; x_wconf 93' lang='lat' dir='ltr'><strong>IV.</strong></span> <span class='ocrx_word' id='word_1_176' title='bbox 1173 2396 1265 2455; x_wconf 92' lang='lat' dir='ltr'><strong>Addo</strong></span> 
     </span>
     <span class='ocr_line' id='line_1_21' title="bbox 128 2490 1261 2573; baseline -0.004 -21"><span class='ocrx_word' id='word_1_177' title='bbox 128 2493 217 2552; x_wconf 79' lang='lat' dir='ltr'><strong>eiiam</strong></span> <span class='ocrx_word' id='word_1_178' title='bbox 230 2494 310 2552; x_wconf 83' lang='lat' dir='ltr'><strong>aliud</strong></span> <span class='ocrx_word' id='word_1_179' title='bbox 325 2515 360 2553; x_wconf 83' lang='lat' dir='ltr'><strong>ex</strong></span> <span class='ocrx_word' id='word_1_180' title='bbox 375 2493 472 2552; x_wconf 81' lang='lat' dir='ltr'><strong>Strab.</strong></span> <span class='ocrx_word' id='word_1_181' title='bbox 488 2495 525 2550; x_wconf 83' lang='lat' dir='ltr'><strong>X.</strong></span> <span class='ocrx_word' id='word_1_182' title='bbox 540 2514 568 2571; x_wconf 89' lang='lat' dir='ltr'><strong>p.</strong></span> <span class='ocrx_word' id='word_1_183' title='bbox 585 2493 651 2554; x_wconf 82' lang='lat'><strong>336.</strong></span> <span class='ocrx_word' id='word_1_184' title='bbox 676 2493 761 2550; x_wconf 79' lang='grc' dir='ltr'>καλδν</span> <span class='ocrx_word' id='word_1_185' title='bbox 775 2491 813 2550; x_wconf 74' lang='grc' dir='ltr'><strong>τδ</strong></span> <span class='ocrx_word' id='word_1_186' title='bbox 826 2492 915 2549; x_wconf 81' lang='grc' dir='ltr'>Κείων</span> <span class='ocrx_word' id='word_1_187' title='bbox 928 2490 1039 2565; x_wconf 79' lang='grc' dir='ltr'>νόμιμόν</span> <span class='ocrx_word' id='word_1_188' title='bbox 1051 2491 1123 2562; x_wconf 79' lang='grc' dir='ltr'>ἔστι,</span> <span class='ocrx_word' id='word_1_189' title='bbox 1138 2494 1236 2562; x_wconf 83' lang='grc' dir='ltr'>Φανία,</span> <span class='ocrx_word' id='word_1_190' title='bbox 1257 2491 1261 2573; x_wconf 85' lang='grc' dir='ltr'>Ι</span> 
     </span>
     <span class='ocr_line' id='line_1_22' title="bbox 128 2589 1263 2670; baseline -0.002 -22"><span class='ocrx_word' id='word_1_191' title='bbox 128 2590 202 2663; x_wconf 69' lang='grc' dir='ltr'><strong>ὀμιί</strong></span> <span class='ocrx_word' id='word_1_192' title='bbox 228 2590 368 2662; x_wconf 73' lang='grc' dir='ltr'>δυνάμενοι</span> <span class='ocrx_word' id='word_1_193' title='bbox 395 2591 445 2670; x_wconf 77' lang='grc' dir='ltr'><strong>ζῆν</strong></span> <span class='ocrx_word' id='word_1_194' title='bbox 472 2591 570 2659; x_wconf 61' lang='grc' dir='ltr'>καλαῖς,</span> <span class='ocrx_word' id='word_1_195' title='bbox 600 2589 631 2647; x_wconf 79' lang='grc' dir='ltr'><strong>οὗ</strong></span> <span class='ocrx_word' id='word_1_196' title='bbox 659 2592 695 2670; x_wconf 74' lang='grc' dir='ltr'><strong>ζῇ</strong></span> <span class='ocrx_word' id='word_1_197' title='bbox 720 2590 814 2648; x_wconf 67' lang='grc' dir='ltr'>κακῶς.</span> <span class='ocrx_word' id='word_1_198' title='bbox 856 2589 922 2648; x_wconf 90' lang='lat' dir='ltr'><strong>Nec</strong></span> <span class='ocrx_word' id='word_1_199' title='bbox 949 2600 1047 2647; x_wconf 90' lang='lat' dir='ltr'><strong>tamen</strong></span> <span class='ocrx_word' id='word_1_200' title='bbox 1069 2589 1263 2659; x_wconf 89' lang='lat' dir='ltr'><strong>diffitendum,</strong></span> 
     </span>
     <span class='ocr_line' id='line_1_23' title="bbox 129 2683 1265 2764; baseline 0 -21"><span class='ocrx_word' id='word_1_201' title='bbox 129 2685 234 2744; x_wconf 75' lang='grc' dir='ltr'>Φειδίας</span> <span class='ocrx_word' id='word_1_202' title='bbox 261 2706 417 2764; x_wconf 88' lang='lat' dir='ltr'><strong>personam</strong></span> <span class='ocrx_word' id='word_1_203' title='bbox 443 2706 506 2745; x_wconf 89' lang='lat' dir='ltr'><strong>esse</strong></span> <span class='ocrx_word' id='word_1_204' title='bbox 528 2686 709 2764; x_wconf 84' lang='lat' dir='ltr'><strong>Antiphanis</strong></span> <span class='ocrx_word' id='word_1_205' title='bbox 730 2685 812 2763; x_wconf 82' lang='lat' dir='ltr'><strong>apud</strong></span> <span class='ocrx_word' id='word_1_206' title='bbox 832 2683 943 2742; x_wconf 86' lang='lat' dir='ltr'><strong>Athen.</strong></span> <span class='ocrx_word' id='word_1_207' title='bbox 958 2683 1002 2741; x_wconf 93' lang='lat' dir='ltr'><strong>II.</strong></span> <span class='ocrx_word' id='word_1_208' title='bbox 1017 2705 1046 2761; x_wconf 96' lang='lat' dir='ltr'><strong>p.</strong></span> <span class='ocrx_word' id='word_1_209' title='bbox 1061 2691 1107 2744; x_wconf 88' lang='grc'><strong>38.</strong></span> <span class='ocrx_word' id='word_1_210' title='bbox 1122 2683 1158 2740; x_wconf 89' lang='grc' dir='ltr'><strong>Β.</strong></span> <span class='ocrx_word' id='word_1_211' title='bbox 1186 2686 1265 2762; x_wconf 88' lang='lat' dir='ltr'><strong>(Ap-</strong></span> 
     </span>
     <span class='ocr_line' id='line_1_24' title="bbox 127 2779 1265 2860; baseline -0.001 -19"><span class='ocrx_word' id='word_1_212' title='bbox 127 2781 261 2860; x_wconf 90' lang='lat' dir='ltr'><strong>pendicis</strong></span> <span class='ocrx_word' id='word_1_213' title='bbox 281 2791 389 2839; x_wconf 87' lang='lat' dir='ltr'><strong>nostrae</strong></span> <span class='ocrx_word' id='word_1_214' title='bbox 408 2783 527 2858; x_wconf 87' lang='lat' dir='ltr'><strong>Fragm.</strong></span> <span class='ocrx_word' id='word_1_215' title='bbox 546 2781 810 2859; x_wconf 88' lang='lat' dir='ltr'><strong>XXXIV.)—-“</strong></span> <span class='ocrx_word' id='word_1_216' title='bbox 822 2781 857 2837; x_wconf 94' lang='lat' dir='ltr'><strong>In</strong></span> <span class='ocrx_word' id='word_1_217' title='bbox 881 2779 1011 2838; x_wconf 87' lang='lat' dir='ltr'><strong>secundo</strong></span> <span class='ocrx_word' id='word_1_218' title='bbox 1032 2797 1119 2836; x_wconf 90' lang='lat' dir='ltr'><strong>versu</strong></span> <span class='ocrx_word' id='word_1_219' title='bbox 1138 2790 1265 2857; x_wconf 88' lang='lat' dir='ltr'><strong>uterque</strong></span> 
     </span>
     <span class='ocr_line' id='line_1_25' title="bbox 130 2876 1264 2956; baseline -0.002 -20"><span class='ocrx_word' id='word_1_220' title='bbox 130 2877 328 2956; x_wconf 82' lang='lat' dir='ltr'><strong>[Sylburgius</strong></span> <span class='ocrx_word' id='word_1_221' title='bbox 348 2889 378 2936; x_wconf 90' lang='lat' dir='ltr'><strong>et</strong></span> <span class='ocrx_word' id='word_1_222' title='bbox 400 2878 542 2956; x_wconf 89' lang='lat' dir='ltr'><strong>Grotius]</strong></span> <span class='ocrx_word' id='word_1_223' title='bbox 563 2877 674 2936; x_wconf 87' lang='lat' dir='ltr'><strong>tardior</strong></span> <span class='ocrx_word' id='word_1_224' title='bbox 693 2877 770 2948; x_wconf 79' lang='lat' dir='ltr'><strong>fuit3</strong></span> <span class='ocrx_word' id='word_1_225' title='bbox 797 2877 861 2943; x_wconf 87' lang='lat' dir='ltr'><strong>sine</strong></span> <span class='ocrx_word' id='word_1_226' title='bbox 880 2876 973 2934; x_wconf 92' lang='lat' dir='ltr'><strong>dubio</strong></span> <span class='ocrx_word' id='word_1_227' title='bbox 993 2876 1071 2934; x_wconf 91' lang='lat' dir='ltr'><strong>enim</strong></span> <span class='ocrx_word' id='word_1_228' title='bbox 1092 2876 1264 2953; x_wconf 85' lang='lat' dir='ltr'><strong>legendum,</strong></span> 
     </span>
     <span class='ocr_line' id='line_1_26' title="bbox 130 2970 1264 3053; baseline 0.002 -25"><span class='ocrx_word' id='word_1_229' title='bbox 130 2973 227 3042; x_wconf 80' lang='grc' dir='ltr'>Ζητεῖν</span> <span class='ocrx_word' id='word_1_230' title='bbox 239 2972 338 3042; x_wconf 78' lang='grc' dir='ltr'>α’ληθὲι</span> <span class='ocrx_word' id='word_1_231' title='bbox 357 2971 505 3053; x_wconf 80' lang='grc' dir='ltr'>φάρμακον</span> <span class='ocrx_word' id='word_1_232' title='bbox 523 2971 627 3030; x_wconf 78' lang='grc' dir='ltr'>τοιίταυ</span> <span class='ocrx_word' id='word_1_233' title='bbox 647 2970 675 3046; x_wconf 86' lang='grc' dir='ltr'><strong>μ’</strong></span> <span class='ocrx_word' id='word_1_234' title='bbox 693 2971 756 3032; x_wconf 82' lang='grc' dir='ltr'>ἔδει.</span> <span class='ocrx_word' id='word_1_235' title='bbox 797 2971 857 3040; x_wconf 87' lang='lat' dir='ltr'><strong>Me,</strong></span> <span class='ocrx_word' id='word_1_236' title='bbox 880 2971 1012 3048; x_wconf 89' lang='lat' dir='ltr'><strong>inquam,</strong></span> <span class='ocrx_word' id='word_1_237' title='bbox 1032 2991 1176 3050; x_wconf 74' lang='lat' dir='ltr'><strong>querere:</strong></span> <span class='ocrx_word' id='word_1_238' title='bbox 1204 2991 1264 3030; x_wconf 90' lang='lat' dir='ltr'><strong>non</strong></span> 
     </span>
     <span class='ocr_line' id='line_1_27' title="bbox 129 3066 1263 3148; baseline 0 -21"><span class='ocrx_word' id='word_1_239' title='bbox 129 3077 155 3127; x_wconf 86' lang='lat' dir='ltr'><strong>te</strong></span> <span class='ocrx_word' id='word_1_240' title='bbox 163 3091 176 3136; x_wconf 90' lang='lat'><em>;</em></span> <span class='ocrx_word' id='word_1_241' title='bbox 198 3068 279 3145; x_wconf 93' lang='lat' dir='ltr'><strong>quod</strong></span> <span class='ocrx_word' id='word_1_242' title='bbox 300 3089 403 3128; x_wconf 89' lang='lat' dir='ltr'><strong>versus</strong></span> <span class='ocrx_word' id='word_1_243' title='bbox 426 3069 531 3128; x_wconf 88' lang='lat' dir='ltr'><strong>tertius</strong></span> <span class='ocrx_word' id='word_1_244' title='bbox 558 3069 676 3138; x_wconf 87' lang='lat' dir='ltr'><strong>evincit,</strong></span> <span class='ocrx_word' id='word_1_245' title='bbox 704 3069 757 3127; x_wconf 91' lang='lat' dir='ltr'><strong>ubi</strong></span> <span class='ocrx_word' id='word_1_246' title='bbox 781 3067 880 3148; x_wconf 80' lang='grc' dir='ltr'>α’ίρηκα</span> <span class='ocrx_word' id='word_1_247' title='bbox 908 3066 1008 3124; x_wconf 82' lang='lat' dir='ltr'><strong>inveni.</strong></span> <span class='ocrx_word' id='word_1_248' title='bbox 1063 3067 1180 3144; x_wconf 90' lang='lat' dir='ltr'><strong>Nempe</strong></span> <span class='ocrx_word' id='word_1_249' title='bbox 1205 3067 1263 3139; x_wconf 89' lang='lat' dir='ltr'><strong>hie,</strong></span> 
     </span>
     <span class='ocr_line' id='line_1_28' title="bbox 130 3161 1265 3243; baseline 0 -21"><span class='ocrx_word' id='word_1_250' title='bbox 130 3165 181 3242; x_wconf 92' lang='lat' dir='ltr'><strong>qui</strong></span> <span class='ocrx_word' id='word_1_251' title='bbox 206 3165 349 3242; x_wconf 90' lang='lat' dir='ltr'><strong>loquitur,</strong></span> <span class='ocrx_word' id='word_1_252' title='bbox 373 3187 391 3222; x_wconf 87' lang='lat' dir='ltr'><strong>a</strong></span> <span class='ocrx_word' id='word_1_253' title='bbox 416 3165 619 3243; x_wconf 87' lang='lat' dir='ltr'><strong>superstitioso</strong></span> <span class='ocrx_word' id='word_1_254' title='bbox 647 3164 776 3242; x_wconf 89' lang='lat' dir='ltr'><strong>quodam</strong></span> <span class='ocrx_word' id='word_1_255' title='bbox 803 3163 956 3223; x_wconf 86' lang='lat' dir='ltr'><strong>consultus</strong></span> <span class='ocrx_word' id='word_1_256' title='bbox 984 3173 1028 3220; x_wconf 90' lang='lat' dir='ltr'><strong>est</strong></span> <span class='ocrx_word' id='word_1_257' title='bbox 1055 3161 1092 3221; x_wconf 92' lang='lat' dir='ltr'><strong>de</strong></span> <span class='ocrx_word' id='word_1_258' title='bbox 1118 3163 1265 3222; x_wconf 87' lang='lat' dir='ltr'><strong>medicina</strong></span> 
     </span>
     <span class='ocr_line' id='line_1_29' title="bbox 129 3255 1263 3338; baseline -0.001 -22"><span class='ocrx_word' id='word_1_259' title='bbox 129 3258 205 3318; x_wconf 83' lang='lat' dir='ltr'><strong>malo</strong></span> <span class='ocrx_word' id='word_1_260' title='bbox 230 3259 295 3338; x_wconf 89' lang='lat' dir='ltr'><strong>ejus</strong></span> <span class='ocrx_word' id='word_1_261' title='bbox 317 3259 437 3337; x_wconf 86' lang='lat' dir='ltr'><strong>opinato</strong></span> <span class='ocrx_word' id='word_1_262' title='bbox 457 3259 660 3337; x_wconf 89' lang='lat' dir='ltr'><strong>reperienda.”</strong></span> <span class='ocrx_word' id='word_1_263' title='bbox 695 3259 818 3317; x_wconf 76' lang='lat' dir='ltr'><strong>Bnnrn.</strong></span> <span class='ocrx_word' id='word_1_264' title='bbox 860 3258 943 3317; x_wconf 87' lang='lat' dir='ltr'><strong>“Vs.</strong></span> <span class='ocrx_word' id='word_1_265' title='bbox 958 3266 985 3316; x_wconf 66' lang='grc' dir='ltr'><strong>Ξ.</strong></span> <span class='ocrx_word' id='word_1_266' title='bbox 1000 3255 1096 3315; x_wconf 89' lang='lat' dir='ltr'><strong>Bentl.</strong></span> <span class='ocrx_word' id='word_1_267' title='bbox 1118 3257 1223 3315; x_wconf 80' lang='grc' dir='ltr'>τούτου</span> <span class='ocrx_word' id='word_1_268' title='bbox 1236 3258 1263 3329; x_wconf 81' lang='grc' dir='ltr'><strong>μ’</strong></span> 
     </span>
     <span class='ocr_line' id='line_1_30' title="bbox 129 3351 1264 3435; baseline -0.003 -20"><span class='ocrx_word' id='word_1_269' title='bbox 129 3354 180 3415; x_wconf 82' lang='grc' dir='ltr'>ἔδει</span> <span class='ocrx_word' id='word_1_270' title='bbox 204 3356 322 3434; x_wconf 86' lang='lat' dir='ltr'><strong>scripsit</strong></span> <span class='ocrx_word' id='word_1_271' title='bbox 344 3366 468 3434; x_wconf 87' lang='lat' dir='ltr'><strong>propter</strong></span> <span class='ocrx_word' id='word_1_272' title='bbox 493 3355 616 3413; x_wconf 90' lang='lat' dir='ltr'><strong>tertium</strong></span> <span class='ocrx_word' id='word_1_273' title='bbox 644 3374 784 3413; x_wconf 87' lang='lat' dir='ltr'><strong>versum:</strong></span> <span class='ocrx_word' id='word_1_274' title='bbox 821 3353 920 3435; x_wconf 77' lang='grc' dir='ltr'>εὕρηκα</span> <span class='ocrx_word' id='word_1_275' title='bbox 947 3353 976 3411; x_wconf 79' lang='grc' dir='ltr'><strong>δὲ</strong></span> <span class='ocrx_word' id='word_1_276' title='bbox 1004 3351 1079 3410; x_wconf 76' lang='grc' dir='ltr'>κενδν</span> <span class='ocrx_word' id='word_1_277' title='bbox 1104 3351 1264 3435; x_wconf 82' lang='grc' dir='ltr'>φάρμακον.</span> 
     </span>
     <span class='ocr_line' id='line_1_31' title="bbox 129 3449 1266 3528; baseline -0.002 -19"><span class='ocrx_word' id='word_1_278' title='bbox 129 3454 171 3509; x_wconf 90' lang='lat' dir='ltr'><strong>At</strong></span> <span class='ocrx_word' id='word_1_279' title='bbox 195 3450 260 3510; x_wconf 85' lang='lat' dir='ltr'><strong>haee</strong></span> <span class='ocrx_word' id='word_1_280' title='bbox 287 3451 383 3509; x_wconf 85' lang='lat' dir='ltr'><strong>Grotii</strong></span> <span class='ocrx_word' id='word_1_281' title='bbox 409 3460 454 3509; x_wconf 90' lang='lat' dir='ltr'><strong>est</strong></span> <span class='ocrx_word' id='word_1_282' title='bbox 480 3450 660 3528; x_wconf 88' lang='lat' dir='ltr'><strong>conjectura,</strong></span> <span class='ocrx_word' id='word_1_283' title='bbox 696 3469 764 3508; x_wconf 90' lang='lat' dir='ltr'><strong>cum</strong></span> <span class='ocrx_word' id='word_1_284' title='bbox 790 3449 872 3526; x_wconf 91' lang='lat' dir='ltr'><strong>apud</strong></span> <span class='ocrx_word' id='word_1_285' title='bbox 898 3450 1080 3508; x_wconf 91' lang='lat' dir='ltr'><strong>Clementem</strong></span> <span class='ocrx_word' id='word_1_286' title='bbox 1108 3451 1199 3507; x_wconf 88' lang='lat' dir='ltr'><strong>verba</strong></span> <span class='ocrx_word' id='word_1_287' title='bbox 1224 3450 1266 3508; x_wconf 87' lang='lat' dir='ltr'><strong>ita</strong></span> 
     </span>
     <span class='ocr_line' id='line_1_32' title="bbox 130 3543 1266 3623; baseline -0.003 -17"><span class='ocrx_word' id='word_1_288' title='bbox 130 3547 237 3623; x_wconf 87' lang='lat' dir='ltr'><strong>scripta</strong></span> <span class='ocrx_word' id='word_1_289' title='bbox 253 3546 400 3623; x_wconf 85' lang='lat' dir='ltr'><strong>legantur,</strong></span> <span class='ocrx_word' id='word_1_290' title='bbox 417 3556 451 3602; x_wconf 90' lang='lat' dir='ltr'><strong>ut</strong></span> <span class='ocrx_word' id='word_1_291' title='bbox 467 3565 524 3621; x_wconf 90' lang='lat' dir='ltr'><strong>ego</strong></span> <span class='ocrx_word' id='word_1_292' title='bbox 542 3565 576 3602; x_wconf 81' lang='lat' dir='ltr'><strong>ea</strong></span> <span class='ocrx_word' id='word_1_293' title='bbox 591 3543 723 3602; x_wconf 84' lang='lat' dir='ltr'><strong>exhibui.</strong></span> <span class='ocrx_word' id='word_1_294' title='bbox 763 3545 914 3602; x_wconf 88' lang='lat' dir='ltr'><strong>Numeros</strong></span> <span class='ocrx_word' id='word_1_295' title='bbox 929 3544 1122 3621; x_wconf 89' lang='lat' dir='ltr'><strong>probabiliter</strong></span> <span class='ocrx_word' id='word_1_296' title='bbox 1136 3544 1266 3604; x_wconf 89' lang='lat' dir='ltr'><strong>restituit</strong></span> 
     </span>
     <span class='ocr_line' id='line_1_33' title="bbox 131 3636 1266 3719; baseline -0.001 -21"><span class='ocrx_word' id='word_1_297' title='bbox 131 3640 280 3699; x_wconf 81' lang='lat' dir='ltr'><strong>Zedelius:</strong></span> <span class='ocrx_word' id='word_1_298' title='bbox 312 3639 350 3698; x_wconf 74' lang='lat' dir='ltr'><strong>‘rd</strong></span> <span class='ocrx_word' id='word_1_299' title='bbox 379 3638 527 3718; x_wconf 71' lang='grc' dir='ltr'>φάρμακον</span> <span class='ocrx_word' id='word_1_300' title='bbox 552 3638 665 3719; x_wconf 72' lang='grc' dir='ltr'>εὕρηκας</span> <span class='ocrx_word' id='word_1_301' title='bbox 694 3636 795 3695; x_wconf 81' lang='grc' dir='ltr'>κενόν.”</span> <span class='ocrx_word' id='word_1_302' title='bbox 837 3640 984 3696; x_wconf 78' lang='grc' dir='ltr'><strong>ΜΕΙΝΕΚ.</strong></span> <span class='ocrx_word' id='word_1_303' title='bbox 1031 3639 1120 3697; x_wconf 80' lang='lat' dir='ltr'><strong>Certe</strong></span> <span class='ocrx_word' id='word_1_304' title='bbox 1142 3639 1266 3697; x_wconf 78' lang='lat' dir='ltr'><strong>Grotius</strong></span> 
     </span>
     <span class='ocr_line' id='line_1_34' title="bbox 130 3732 1266 3816; baseline -0.002 -22"><span class='ocrx_word' id='word_1_305' title='bbox 130 3735 226 3816; x_wconf 72' lang='grc' dir='ltr'>εὕρηκα</span> <span class='ocrx_word' id='word_1_306' title='bbox 247 3735 276 3794; x_wconf 80' lang='grc' dir='ltr'><strong>δὲ</strong></span> <span class='ocrx_word' id='word_1_307' title='bbox 296 3733 371 3793; x_wconf 80' lang='grc' dir='ltr'>κενδν</span> <span class='ocrx_word' id='word_1_308' title='bbox 391 3732 553 3814; x_wconf 75' lang='grc' dir='ltr'>φάρμακανε</span> <span class='ocrx_word' id='word_1_309' title='bbox 583 3744 614 3792; x_wconf 88' lang='lat' dir='ltr'><strong>at</strong></span> <span class='ocrx_word' id='word_1_310' title='bbox 634 3753 694 3790; x_wconf 91' lang='lat' dir='ltr'><strong>non</strong></span> <span class='ocrx_word' id='word_1_311' title='bbox 716 3734 754 3790; x_wconf 88' lang='lat' dir='ltr'><strong>ab</strong></span> <span class='ocrx_word' id='word_1_312' title='bbox 775 3734 841 3811; x_wconf 92' lang='lat' dir='ltr'><strong>ipso</strong></span> <span class='ocrx_word' id='word_1_313' title='bbox 865 3734 1033 3810; x_wconf 87' lang='lat' dir='ltr'><strong>profectum</strong></span> <span class='ocrx_word' id='word_1_314' title='bbox 1055 3745 1100 3792; x_wconf 90' lang='lat' dir='ltr'><strong>est</strong></span> <span class='ocrx_word' id='word_1_315' title='bbox 1120 3732 1196 3791; x_wconf 93' lang='lat' dir='ltr'><strong>illud</strong></span> <span class='ocrx_word' id='word_1_316' title='bbox 1223 3734 1266 3792; x_wconf 80' lang='grc' dir='ltr'><strong>εί-</strong></span> 
     </span>
     <span class='ocr_line' id='line_1_35' title="bbox 131 3827 1266 3912; baseline 0.002 -24"><span class='ocrx_word' id='word_1_317' title='bbox 131 3831 207 3912; x_wconf 83' lang='grc' dir='ltr'>ρηκα.</span> <span class='ocrx_word' id='word_1_318' title='bbox 246 3832 343 3890; x_wconf 82' lang='lat' dir='ltr'><strong>Notat</strong></span> <span class='ocrx_word' id='word_1_319' title='bbox 359 3832 455 3890; x_wconf 87' lang='lat' dir='ltr'><strong>enim:</strong></span> <span class='ocrx_word' id='word_1_320' title='bbox 491 3829 648 3907; x_wconf 75' lang='lat' dir='ltr'><strong>“Legitur</strong></span> <span class='ocrx_word' id='word_1_321' title='bbox 672 3827 772 3908; x_wconf 71' lang='grc' dir='ltr'>εὕρηκα</span> <span class='ocrx_word' id='word_1_322' title='bbox 794 3827 870 3886; x_wconf 75' lang='grc' dir='ltr'>κενδν</span> <span class='ocrx_word' id='word_1_323' title='bbox 892 3827 929 3887; x_wconf 61' lang='lat' dir='ltr'><strong>*ro*</strong></span> <span class='ocrx_word' id='word_1_324' title='bbox 949 3828 1140 3910; x_wconf 62' lang='lat' dir='ltr'><strong>peppaxovss&#39;·</strong></span> <span class='ocrx_word' id='word_1_325' title='bbox 1164 3831 1205 3888; x_wconf 85' lang='lat' dir='ltr'><strong>Et</strong></span> <span class='ocrx_word' id='word_1_326' title='bbox 1224 3832 1266 3892; x_wconf 78' lang='lat' dir='ltr'><strong>sic</strong></span> 
     </span>
     <span class='ocr_line' id='line_1_36' title="bbox 130 3923 1266 4006; baseline -0.001 -22"><span class='ocrx_word' id='word_1_327' title='bbox 130 3927 214 4006; x_wconf 83' lang='lat' dir='ltr'><strong>plane</strong></span> <span class='ocrx_word' id='word_1_328' title='bbox 235 3926 378 4004; x_wconf 82' lang='lat' dir='ltr'><strong>scriptum</strong></span> <span class='ocrx_word' id='word_1_329' title='bbox 392 3925 474 4004; x_wconf 90' lang='lat' dir='ltr'><strong>apud</strong></span> <span class='ocrx_word' id='word_1_330' title='bbox 489 3924 658 3983; x_wconf 91' lang='lat' dir='ltr'><strong>Hertelium</strong></span> <span class='ocrx_word' id='word_1_331' title='bbox 668 3945 698 4002; x_wconf 92' lang='lat' dir='ltr'><strong>p.</strong></span> <span class='ocrx_word' id='word_1_332' title='bbox 716 3923 780 3983; x_wconf 87' lang='lat'><strong>166.</strong></span> <span class='ocrx_word' id='word_1_333' title='bbox 801 3935 831 3982; x_wconf 91' lang='lat' dir='ltr'><strong>et</strong></span> <span class='ocrx_word' id='word_1_334' title='bbox 853 3925 885 3982; x_wconf 91' lang='lat' dir='ltr'><strong>in</strong></span> <span class='ocrx_word' id='word_1_335' title='bbox 907 3925 1067 3984; x_wconf 89' lang='lat' dir='ltr'><strong>Clementis</strong></span> <span class='ocrx_word' id='word_1_336' title='bbox 1081 3924 1150 3982; x_wconf 90' lang='lat' dir='ltr'><strong>MS.</strong></span> <span class='ocrx_word' id='word_1_337' title='bbox 1174 3926 1266 3985; x_wconf 82' lang='lat' dir='ltr'><strong>Paris.</strong></span> 
     </span>
     <span class='ocr_line' id='line_1_37' title="bbox 131 4018 1267 4103; baseline 0.004 -23"><span class='ocrx_word' id='word_1_338' title='bbox 131 4023 208 4102; x_wconf 92' lang='lat' dir='ltr'><strong>apud</strong></span> <span class='ocrx_word' id='word_1_339' title='bbox 223 4024 387 4092; x_wconf 86' lang='lat' dir='ltr'><strong>Potterum,</strong></span> <span class='ocrx_word' id='word_1_340' title='bbox 409 4023 460 4100; x_wconf 91' lang='lat' dir='ltr'><strong>qui</strong></span> <span class='ocrx_word' id='word_1_341' title='bbox 480 4020 556 4080; x_wconf 79' lang='grc' dir='ltr'>κενὸν</span> <span class='ocrx_word' id='word_1_342' title='bbox 573 4021 687 4103; x_wconf 81' lang='grc' dir='ltr'>είίρηκαι</span> <span class='ocrx_word' id='word_1_343' title='bbox 706 4019 743 4078; x_wconf 68' lang='lat' dir='ltr'><strong>ro*</strong></span> <span class='ocrx_word' id='word_1_344' title='bbox 761 4018 911 4100; x_wconf 79' lang='grc' dir='ltr'>φάρμακον</span> <span class='ocrx_word' id='word_1_345' title='bbox 926 4022 1024 4093; x_wconf 86' lang='lat' dir='ltr'><strong>habet,</strong></span> <span class='ocrx_word' id='word_1_346' title='bbox 1044 4033 1135 4099; x_wconf 90' lang='lat' dir='ltr'><strong>prout</strong></span> <span class='ocrx_word' id='word_1_347' title='bbox 1145 4023 1267 4083; x_wconf 84' lang='lat' dir='ltr'><strong>exhibet</strong></span> 
     </span>
     <span class='ocr_line' id='line_1_38' title="bbox 133 4117 307 4176; baseline -0.011 0"><span class='ocrx_word' id='word_1_348' title='bbox 133 4117 307 4176; x_wconf 89' lang='lat' dir='ltr'><strong>Meinekius.</strong></span> 
     </span>
    </p>
   </div>
   <div class='ocr_carea' id='block_1_6' title="bbox 132 4225 1269 4406">
    <p class='ocr_par' dir='ltr' id='par_1_6' title="bbox 132 4225 1269 4406">
     <span class='ocr_line' id='line_1_39' title="bbox 166 4225 1269 4308; baseline 0.003 -21"><span class='ocrx_word' id='word_1_349' title='bbox 166 4230 177 4258; x_wconf 85' lang='lat'>⁸</span> <span class='ocrx_word' id='word_1_350' title='bbox 197 4230 323 4289; x_wconf 88' lang='lat' dir='ltr'><strong>“Versu</strong></span> <span class='ocrx_word' id='word_1_351' title='bbox 349 4240 433 4289; x_wconf 87' lang='lat' dir='ltr'><strong>sexto</strong></span> <span class='ocrx_word' id='word_1_352' title='bbox 460 4229 501 4288; x_wconf 89' lang='lat' dir='ltr'><strong>sic</strong></span> <span class='ocrx_word' id='word_1_353' title='bbox 521 4229 657 4288; x_wconf 89' lang='lat' dir='ltr'><strong>Clemens</strong></span> <span class='ocrx_word' id='word_1_354' title='bbox 684 4227 772 4286; x_wconf 93' lang='lat' dir='ltr'><strong>hodie</strong></span> <span class='ocrx_word' id='word_1_355' title='bbox 795 4227 893 4296; x_wconf 86' lang='lat' dir='ltr'><strong>habet,</strong></span> <span class='ocrx_word' id='word_1_356' title='bbox 921 4227 978 4284; x_wconf 82' lang='grc' dir='ltr'><strong>Καί</strong></span> <span class='ocrx_word' id='word_1_357' title='bbox 999 4225 1189 4308; x_wconf 78' lang='grc' dir='ltr'>περιθέτωσαν</span> <span class='ocrx_word' id='word_1_358' title='bbox 1207 4229 1269 4290; x_wconf 68' lang='lat' dir='ltr'><strong>dno*</strong></span> 
     </span>
     <span class='ocr_line' id='line_1_40' title="bbox 132 4321 1269 4406; baseline 0.003 -23"><span class='ocrx_word' id='word_1_359' title='bbox 132 4328 243 4406; x_wconf 80' lang='grc' dir='ltr'>κραννιῑν</span> <span class='ocrx_word' id='word_1_360' title='bbox 262 4327 346 4404; x_wconf 74' lang='grc' dir='ltr'>τριῶν</span> <span class='ocrx_word' id='word_1_361' title='bbox 359 4324 462 4382; x_wconf 80' lang='grc' dir='ltr'>Ὕδατι</span> <span class='ocrx_word' id='word_1_362' title='bbox 483 4321 656 4406; x_wconf 79' lang='grc' dir='ltr'>περιρῤιίναι.</span> <span class='ocrx_word' id='word_1_363' title='bbox 697 4323 758 4382; x_wconf 91' lang='lat' dir='ltr'><strong>Ubi</strong></span> <span class='ocrx_word' id='word_1_364' title='bbox 784 4323 974 4401; x_wconf 86' lang='lat' dir='ltr'><strong>Sylburgius‚</strong></span> <span class='ocrx_word' id='word_1_365' title='bbox 996 4325 1034 4382; x_wconf 89' lang='lat' dir='ltr'><strong>ad</strong></span> <span class='ocrx_word' id='word_1_366' title='bbox 1056 4345 1177 4385; x_wconf 90' lang='lat' dir='ltr'><strong>versum</strong></span> <span class='ocrx_word' id='word_1_367' title='bbox 1202 4349 1269 4386; x_wconf 90' lang='lat' dir='ltr'><strong>sus-</strong></span> 
     </span>
    </p>
   </div>
   <div class='ocr_carea' id='block_1_7' title="bbox 0 0 1506 5010">
    <p class='ocr_par' dir='ltr' id='par_1_7' title="bbox 0 0 1506 5010">
     <span class='ocr_line' id='line_1_41' title="bbox 0 0 1506 5010; baseline 0 0"><span class='ocrx_word' id='word_1_368' title='bbox 0 0 1506 5010; x_wconf 95' lang='lat' dir='ltr'><strong> </strong></span> 
     </span>
    </p>
   </div>
  </div>
 </body>
</html>
