2990 5010
493 447 495 454 Ι
587 372 794 422 strumus.
1197 354 1264 439 175

122 543 239 614 Monito
258 575 288 633 p.
305 555 369 616 116.
410 556 533 636 συνῆχας
555 567 658 616 estex
680 558 851 635 conjectura
877 555 1152 635 Schweighaeuseri.
1194 554 1262 615 Hoc

121 661 199 710 esset
213 672 242 710 a
262 649 371 722 συνα’γιυ
383 674 392 722 ;
420 650 495 710 illud
521 673 539 710 a
563 654 676 724 συνίημι.
718 652 849 712 Versum
876 654 919 714 sic
946 652 1094 712 convertit
1119 650 1261 710 Grotius:

121 745 172 804 Ito
193 744 295 806 civitas
311 746 453 824 catapulta
473 745 512 804 cd
530 745 615 806 uilem
636 746 774 808 olitorium
796 757 846 808 ert.
886 748 985 817 Unde,
1006 746 1044 806 de
1064 747 1187 826 συνῆχας
1205 765 1262 823 pu·
1367 801 1369 804 .

121 854 198 900 tasse
225 840 374 919 Grotium,
400 841 499 918 quivis
525 842 632 900 merito
658 842 866 920 suspicabitur.
906 843 1004 920 Atqui
1026 861 1065 900 ne
1092 841 1172 900 olera
1196 838 1263 918 qui-¹

122 939 192 997 dem
211 947 327 996 sumtus
345 947 377 998 et
391 937 583 997 voracitatem
601 937 687 996 istius
704 937 832 998 hominis
849 938 997 1016 effugisse,
1015 936 1085 996 satis
1101 948 1133 997 et
1145 934 1264 995 abunde

123 1033 314 1093 manifestum
332 1041 432 1092 estex
451 1050 542 1112 versu
560 1033 705 1110 sequenti,
726 1033 863 1114 περὶτῶν
883 1037 994 1093 σελίνων
1013 1031 1153 1114 μαχόμεθ’
1167 1031 1264 1112 ὥσπερ

121 1126 259 1201 Ἰσθμίοις.
300 1128 378 1200 Quoe
399 1147 477 1197 sane,
504 1128 529 1186 si
553 1128 669 1187 civibus
695 1130 733 1186 ad
755 1129 868 1189 victum
893 1129 1045 1189 olitorium
1068 1127 1263 1206 confugiendi

123 1224 221 1285 adhuc
239 1225 346 1285 fuisset
362 1233 503 1302 potestas,
523 1225 574 1282 vix
595 1235 626 1282 et
643 1243 681 1284 ne
697 1225 748 1282 vix
767 1227 890 1304 quidem
908 1225 968 1285 dici
988 1226 1165 1304 potuissent.
1200 1226 1265 1283 Nec

125 1321 260 1399 profecto
280 1321 380 1399 placet
402 1321 487 1380 verbi
510 1319 619 1393 συνάγον
647 1341 728 1391 usus,
753 1343 814 1400 quo
837 1322 934 1381 valeat
960 1321 1099 1401 emnpelh),
1121 1321 1262 1391 concludo,

126 1417 231 1494 redigo,
254 1415 389 1494 quamvis
410 1436 446 1475 eo
468 1434 557 1475 sensu
575 1417 799 1494 frequentatum
818 1418 857 1476 sit
874 1417 1011 1496 Polybio,
1034 1417 1079 1496 (id
1099 1416 1181 1494 quod
1200 1436 1263 1474 mo-

126 1511 204 1571 nuit.
218 1511 528 1588 Schweighaeuserus)
549 1511 602 1588 qui
626 1517 661 1570 ste
689 1516 779 1571 τοῦτο
806 1511 970 1586 συνήγοντο,
997 1533 1028 1588 eo
1053 1511 1264 1590 redigebantur,

126 1606 305 1680 συναγόμενον
333 1606 469 1667 iudaei
499 1613 600 1680 λιμοῡ,.
611 1606 698 1686 fame
726 1609 801 1678 victi,
832 1620 862 1668 et
892 1608 948 1666 alia
974 1609 1137 1668 consimilia
1165 1609 1263 1668 habet.

126 1701 206 1760 Vide
226 1713 256 1761 et
274 1702 384 1761 Athen.
398 1701 437 1759 V.
451 1724 481 1780 p.
499 1711 562 1773 197.
577 1703 616 1760 D.
637 1704 741 1780 ibique
760 1704 1076 1781 Schweighaeuserum.
1110 1703 1264 1781 Equidem

127 1797 241 1866 συνῆκας
261 1797 350 1858 unice
369 1815 475 1857 verum
495 1818 559 1858 esse
579 1818 694 1858 censeo.
716 1799 939 1858 vAdumbravit
956 1798 1099 1877 Diphilus
1122 1797 1264 1858 Homeri-

127 1911 195 1950 cum
216 1891 292 1950 illud
314 1889 424 1971 ξυνέηκε
450 1890 606 1972 μάχεσθαι,
633 1893 729 1952 forma
755 1894 865 1964 Ionica,
890 1895 933 1953 uti
954 1913 1009 1972 par
1032 1903 1103 1962 erat,
1131 1894 1163 1951 in
1184 1895 1264 1953 Atti-

127 2007 191 2048 cam
216 1989 381 2058 immutata,
410 2001 526 2050 servata
552 2001 651 2060 autem
680 1991 763 2049 verbi
791 1991 914 2068 antiqua
940 1991 1164 2068 significatione.
1212 1990 1265 2048 Ad

126 2101 189 2143 rem
210 2096 256 2146 est
269 2085 345 2144 illud
363 2086 522 2171 Menandri
540 2087 622 2164 apud
637 2087 719 2145 Stob.
733 2086 770 2144 T.
786 2094 851 2154 107.
865 2095 893 2146 0.
921 2085 1113 2166 οἰκτρότασόυ
1127 2086 1190 2146 ἐστι
1205 2093 1265 2144 πεῖ-

126 2205 180 2258 ραν
196 2177 240 2238 ε’π1
260 2180 365 2261 γήραος
385 2179 454 2261 otidqi
475 2179 479 2260 Ι
500 2179 593 2240 α’δέκον
609 2180 698 2261 τύχης
718 2180 817 2239 δίκαιος
835 2179 951 2258 εἷλγψιύς
974 2179 1090 2261 τρόπος.
1112 2181 1163 2240 ubi
1177 2181 1266 2262 γήρως

128 2274 182 2355 ὁδῷ
200 2275 303 2356 (γῆρας
321 2275 388 2334 ὀδοῦ
407 2288 548 2356 corrupte
567 2278 654 2336 MSS.
670 2279 708 2336 A.
727 2277 763 2336 Β.
782 2276 863 2355 apud
884 2277 1047 2356 Gaisford.)
1064 2277 1175 2356 optime
1195 2277 1264 2336 Sca-

128 2369 203 2448 liger
223 2380 255 2430 et
268 2371 402 2441 Grotius,
426 2383 569 2449 sequente
591 2372 753 2432 Meinekio.
793 2373 892 2445 Quam
913 2371 1067 2445 Homerici
1087 2369 1133 2430 ἐπὶ
1159 2369 1265 2452 γήραος

128 2466 197 2548 οὐδῷ
216 2468 471 2528 adumbrationem
488 2468 610 2527 exhibet
627 2469 716 2528 etiam
739 2467 870 2546 Lycurg.
885 2488 910 2527 c.
926 2469 1060 2528 Leocrat.
1082 2478 1126 2528 ll.
1145 2479 1265 2528 auctore

130 2563 231 2631 Suida,
246 2563 291 2624 uti
311 2564 429 2622 monuit
450 2563 619 2622 Meinekius
638 2563 676 2622 ad
697 2563 838 2623 Menand.
857 2585 887 2641 p.
902 2571 970 2624 234.
1010 2565 1065 2624 Est
1085 2574 1186 2627 autem
1203 2589 1265 2622 σνν-

128 2661 195 2729 &aar
226 2659 246 2718 i.
259 2680 289 2737 q.
316 2657 477 2734 συνέβαλεν,
511 2657 680 2739 σννέπλεξας
704 2658 783 2740 Ιπρύς
809 2657 874 2743 ἔριν,
909 2660 1016 2721 collato
1039 2659 1201 2720 Eustathio
1227 2659 1265 2720 ad

129 2754 228 2814 locum
251 2755 456 2823 Homericum,
479 2754 576 2832 Angla
587 2776 644 2834 pou
666 2753 739 2813 haue
756 2753 913 2826 embroiled,
932 2777 988 2836 you
1010 2754 1083 2814 Ιιανα
1102 2765 1145 2814 ret
1165 2754 1199 2836 by
1220 2757 1267 2814 tte

130 2871 205 2913 ecre.
224 2905 227 2911 ,
244 2851 337 2910 Verte
364 2850 475 2928 igitur:
509 2850 660 2930 poprdares
687 2859 795 2908 nostroe
820 2849 851 2907 a'n
873 2857 1015 2908 certamen
1036 2870 1096 2909 cum
1119 2849 1267 2910 olitoribus

130 2945 281 3024 conjecisti.
321 2945 461 3022 Namque
482 2955 563 3005 recte
585 2945 754 3003 observavit
773 2944 1073 3022 Schweighaeuserus,
1094 2944 1134 3003 vd
1151 2945 1265 3026 λάχανα

130 3041 258 3102 hicnon
277 3050 338 3100 tam
359 3040 424 3118 ipsa
443 3040 529 3110 olera,
554 3060 642 3118 quam
655 3038 758 3119 jbrum
780 3039 920 3098 olitorium
942 3040 1011 3100 dici.
1052 3039 1177 3099 Suidas:
1205 3043 1265 3098 Λα-

130 3133 236 3215 χᾶνοις.
264 3143 322 3193 τοῖς
347 3133 573 3216 λαχανοπυύλοις.
614 3135 758 3194 Similiter
777 3135 881 3194 Alexis
900 3134 1265 3214 Athen.111.p.104.D.

130 3238 190 3290 τοῖς
205 3228 390 3312 ἰχθυοπώλαις
409 3229 485 3289 έσπ1ν
500 3227 707 3307 ἐψηφισμένον,
730 3228 734 3310 Ι
754 3229 788 3287 oie
808 3238 889 3306 φασι,
911 3230 1022 3309 χαλκῆν
1041 3227 1267 3302 Καλλιμέδοντος

130 3325 219 3390 εἷκύνα
240 3324 245 3407 Ι
266 3328 372 3395 στῆσαι
393 3326 623 3395 Παναθηναέοισιν
637 3324 665 3385 έν
682 3333 741 3383 τοῖς
755 3324 872 3406 ι’χθύσιν.
888 3326 941 3385 ubi
957 3336 1041 3385 notat
1056 3325 1265 3385 Casaubonus:

132 3431 152 3459 “
162 3423 264 3493 Verte,
285 3421 399 3500 infore
417 3421 601 3501 piscatorio.”
640 3421 720 3480 Vide
741 3434 771 3481 et
792 3421 1054 3499 Schweighaeuser.
1067 3423 1106 3481 ad
1118 3422 1139 3480 l.
1180 3424 1265 3484 Aris-

131 3520 213 3598 toph.
236 3519 308 3578 Ran.
331 3516 414 3578 1066.
449 3515 498 3574 κᾶν
529 3519 623 3576 ταῦτα
655 3516 743 3591 λέγειν
767 3516 948 3600 ἐξαπατήσῃ,
983 3517 1063 3599 παρα
1091 3518 1155 3577 πούς
1187 3521 1266 3600 ἰχθῦς

130 3611 276 3689 α’νέκυψεν.
297 3614 350 3673 ubi
372 3623 457 3685 notat
478 3613 574 3672 Schol.
603 3611 689 3693 llupoi
709 3612 773 3671 τούς
795 3613 884 3694 ἰχθῦς.
912 3613 993 3693 παροέ
1015 3612 1057 3671 vd
1081 3615 1265 3694 ἰχθυοπώλια.

132 3709 170 3768 vd
196 3708 225 3768 is*
249 3709 380 3769 τοιοῦτον
397 3706 540 3766 Ἀττικόν.
572 3706 703 3766 Εὔπολις·
726 3708 879 3789 Περιῆλθεν
905 3715 939 3766 εἷς
960 3707 1001 3765 vd
1019 3707 1142 3790 σκόροδα
1164 3711 1206 3767 καὶ
1227 3712 1268 3770 τιν’

132 3804 265 3885 κρόμμυα.
305 3803 352 3862 Id.
368 3803 457 3882 Vesp.
473 3811 539 3873 789.
565 3800 651 3862 {atde
670 3801 872 3884 διεκερμιέτιζεν
896 3801 924 3863 ε’ν
950 3810 1009 3860 τοῖς
1028 3801 1144 3883 ἷχθύσιν.
1185 3806 1265 3867 Vide

132 3900 264 3959 Pierson.
278 3898 315 3957 ad
329 3899 416 3957 Moer.
429 3904 541 3977 p..851.
554 3917 616 3975 seq.
657 3897 769 3956 Totum
788 3908 887 3956 autem
904 3897 1026 3976 Diphili·
1036 3896 1135 3956 locum
1153 3902 1264 3979 optime

131 3995 293 4054 illustrabit
310 3993 414 4053 Alexis
432 3993 514 4073 apud
533 3993 646 4052 Athen.
665 3992 757 4052 VIII.
775 4016 806 4072 p.
820 4001 886 4054 338.
900 3993 939 4050 D.
955 3995 989 4052 E.
1011 3977 1152 4075 πρότερον
1172 3997 1222 4069 μέν
1245 4007 1267 4058 εἰ

132 4087 256 4149 πνεύσειε
274 4087 385 4170 βορρᾶς
410 4087 429 4160 οἳ
450 4086 531 4146 νότος
552 4086 557 4168 Ι
577 4086 604 4146 έν
631 4089 669 4168 τῇ
688 4086 821 4168 θαλάττῃ
847 4086 985 4167 λαμπρύς,
1008 4089 1085 4169 ἰχθῦς
1109 4088 1156 4148 oda
1179 4089 1263 4174 ένῆνΙ

132 4182 216 4242 ούδεν1
236 4190 345 4260 φαγεῖν.
371 4183 421 4240 vovi
447 4181 477 4242 δέ
497 4179 567 4264 πρύς
589 4190 648 4240 τοῖς
674 4181 808 4256 πνεύμασι
830 4180 967 4262 Ιιπούτοις
989 4180 1118 4241 helimas
1140 4189 1265 4267 τροσγέ.

132 4304 198 4352 γονε
225 4276 328 4360 χειμιύν
353 4283 461 4358 τρίτος.
482 4276 487 4358 Ι
506 4277 577 4338 έπιύν
603 4276 658 4358 vaip
684 4276 808 4355 ἐκνεφέας
835 4282 1002 4351 καταιγίσας
1028 4277 1105 4359 τύχῃ
1126 4278 1131 4361 Ι
1152 4288 1187 4341 εἷς
1213 4286 1266 4357 τήν

131 4370 250 4454 α’γοριύν,
276 4372 392 4447 τοῦψον
420 4370 566 4452 πριάμενος
593 4373 707 4454 οἴχεται
729 4371 733 4452 Ι
755 4371 845 4454 φέρων
875 4371 951 4432 ἅπαν
977 4370 1016 4429 vd
1042 4373 1154 4450 ληφθέν·
1189 4379 1265 4439 αἵσσε
