2948 5010
237 375 302 442 206
591 390 814 456 vnnsrouns
837 391 1010 440 narrum.

238 569 298 628 Pro
315 571 438 630 obsonio
458 591 596 632 voramus
615 591 752 630 accensas
772 571 862 632 faces.

237 661 365 720 Bellaria
386 662 494 741 aliquis
514 662 612 722 adfert
631 662 663 719 in
682 661 880 740 postcceniurn

238 757 326 829 Puer,
348 759 470 836 sagittas
488 779 544 838 pro
564 757 710 817 cineribus
729 756 871 827 Creticus,

237 854 278 912 Et
296 856 516 915 confractorum
534 855 676 934 reliquias
694 855 856 916 hastilium.

236 949 317 1007 Tum
336 970 408 1010 vero
426 951 513 1009 nobis
532 949 597 1009 haec
617 949 874 1027 sunt'pulvinaria

236 1045 353 1106 Loricae
372 1056 402 1106 et
422 1046 540 1125 clupei:
560 1045 663 1104 fundae
683 1048 738 1105 sub
750 1047 887 1125 pedibus
903 1047 1005 1126 jacent

237 1140 280 1200 Et
298 1162 401 1202 arcus:
422 1141 579 1220 catapultis
599 1161 774 1202 coronamur
794 1152 893 1220 caput.

658 1419 729 1530 x11¹.
774 1466 912 1552 (ars.)
983 1386 986 1392 Ι

536 1636 745 1718 Hippotroplo,
766 1639 823 1698 siae
843 1638 940 1718 Equos
960 1638 1067 1696 Alontas

239 1759 329 1818 Prodi
349 1779 366 1818 e
386 1760 515 1818 thalamo
534 1759 713 1838 cupressinis
731 1758 870 1838 laqueato
889 1760 999 1821 tabulis

237 1856 326 1923 foras,
348 1856 469 1913 Manes!
492 1854 633 1932 egredere
653 1855 685 1912 in
703 1855 803 1913 forum

238 1950 277 2009 ad
297 1949 426 2009 Hermas
444 1949 520 2020 illos,
541 1970 601 2029 quo
620 1949 802 2008 conveniunt

238 2045 375 2125 equitum
393 2045 518 2116 tribuni,
537 2045 576 2104 ad
595 2039 816 2124 discipulosque
893 2081 894 2088 κ

238 2141 358 2220 pulcros
377 2141 453 2210 illos,
474 2160 550 2218 quos
569 2139 766 2200 conscendere

239 2256 332 2315 equos
352 2245 436 2297 curat
455 2234 574 2293 Phidon
580 2256 590 2306 ;

239 2340 269 2390 et
288 2329 475 2390 descendere.
517 2328 601 2387 Nosti
622 2349 698 2407 quos
718 2329 836 2389 dicam?

240 2425 299 2484 His
318 2445 390 2503 ergo
409 2424 527 2493 nuncia,

239 2522 399 2600 frigescere
422 2521 553 2590 obsonia,
573 2529 678 2599 potum
699 2521 853 2592 calescere,

239 2638 371 2678 arescere
390 2637 526 2686 massam,
546 2637 638 2694 panes
656 2637 804 2677 arescere:

239 2713 354 2772 viscera
372 2713 462 2772 assari
481 2711 609 2772 torrida:
630 2723 746 2792 raptam

240 2829 358 2869 carnem
377 2830 395 2869 e
414 2810 519 2879 muria,
541 2809 751 2888 direptumque

239 2904 321 2962 hillae
339 2903 478 2973 frustum,
500 2905 629 2963 frustum
650 2904 751 2974 omasi,

240 3000 323 3060 aliud
341 2998 469 3071 chordae,
490 3000 572 3060 aliud
591 3000 702 3060 botuli:

239 3097 342 3176 gulam
360 3095 486 3174 implere
503 3096 558 3155 hos
579 3097 630 3175 qui
650 3105 720 3155 sunt
738 3097 836 3157 intus:

240 3191 304 3251 vini
324 3201 467 3251 craterem
483 3191 546 3269 jam
566 3190 639 3248 dum
659 3190 851 3251 exhaustum:

240 3288 401 3367 procedere
420 3295 542 3365 potum:
564 3306 716 3364 superesse
736 3287 904 3349 cordacem:

239 3383 375 3445 lascivire
394 3383 506 3442 animos
526 3382 757 3442 adolescentium
767 3406 777 3454 3

240 3479 398 3557 omniaque
418 3478 499 3538 intus
519 3497 636 3537 sursum
656 3478 803 3538 deorsum.
904 3541 906 3547 ,

240 3575 392 3634 Memento
412 3592 481 3650 quae
499 3571 580 3645 dixi3
601 3573 640 3631 ad
659 3575 749 3634 verba
768 3568 903 3635 adtende.¹

241 3671 307 3729 Stes
326 3688 377 3728 ore
396 3668 517 3728 hiante?

241 3765 313 3824 Huc
333 3764 420 3823 ades!
441 3763 564 3842 dispice,
584 3764 683 3824 dicere
702 3786 741 3824 an
760 3767 862 3845 possis.

242 3860 348 3920 Statim
367 3861 404 3920 ab
424 3859 510 3919 initio
530 3870 637 3919 cuncta
655 3861 711 3921 tibi
731 3871 872 3941 repetam.

241 3955 310 4014 Jam
330 3955 519 4026 veniendum,
539 3957 799 4027 recemundum,

239 4068 295 4108 nec
313 4049 480 4111 faciendam
500 4071 597 4130 coquo
616 4051 773 4131 injuriam:

241 4164 304 4204 esse
324 4147 437 4225 quippe
457 4146 535 4206 elixa
553 4148 683 4219 obsonia,

241 4261 304 4300 esse
323 4261 396 4311 assa,
416 4262 481 4301 esse
499 4242 617 4321 frigida.

242 4335 368 4414 Singula
387 4356 515 4397 recense.
557 4339 673 4419 (Adest)
694 4337 814 4412 bulbus,
836 4340 943 4421 (adest)
963 4344 1049 4416 oliva,

1125 4445 1372 4538 [unnsruacnns
