2990 5010
215 967 732 1078 ‚JVER‘SIONES
793 985 1110 1078 LATINAE.
1175 980 1179 990 ’
1243 985 1246 994 ’

576 1380 832 1390 ..ffl—

459 1660 776 1765 siuonannns,
821 1697 879 1786 (Ρ.
897 1700 943 1782 1.)

127 1941 179 2001 Ah
198 1960 303 2000 enecas
323 1961 380 2010 me,
402 1951 503 2000 mater.
532 1962 569 2000 ne
590 1942 792 2020 toties‘genus

127 2037 342 2108 commemora,
364 2058 473 2115 quaeso.
500 2037 642 2115 namqui
663 2048 776 2097 'naturae
797 2038 883 2097 bonis

128 2133 284 2211 Propriam
304 2132 464 2212 desperant
482 2133 621 2212 indipisci
641 2134 776 2210 gloriam,

126 2229 233 2288 Isthue
252 2228 608 2307 confugiunt:repetunt
627 2229 773 2307 majorum
794 2249 881 2288 suum
938 2295 940 2298 ¹
959 2275 960 2280 κ

128 2325 340 2394 Monumenta3
362 2332 436 2402 quot
455 2333 525 2382 sunt
544 2323 678 2402 stirpitus
697 2335 855 2383 numerant
873 2345 951 2383 avos.

129 2419 290 2478 Enimvero
308 2419 459 2481 hominem
479 2418 676 2497 nuncupassis
695 2420 856 2489 neminem,

127 2513 190 2573 Avi
210 2514 281 2592 quoi
301 2498 362 2572 non
382 2513 449 2572 sint.
475 2533 545 2572 nam
564 2512 645 2572 unde
665 2515 805 2594 prognati
826 2515 943 2575 forent?

127 2609 243 2688 Atqui
264 2629 384 2668 censere
403 2609 458 2674 hos
478 2621 629 2687 nequeant
647 2620 796 2669 mutatum
817 2612 855 2669 ob
876 2611 982 2680 solum,

128 2705 290 2764 Generisve
310 2704 540 2764 internecionem
562 2715 593 2763 et
612 2705 813 2775 solitudinem,

130 2801 211 2860 Eone
232 2799 425 2877 ignobiliores
444 2798 504 2858 sint
524 2801 732 2859 censentibus?

129 2895 311 2972 Quicunque
330 2893 369 2952 ad
387 2905 468 2954 recta
487 2895 582 2954 fertur
601 2895 727 2974 proclivi
748 2891 858 2965 indole,

130 2991 319 3076 Nobilisest,
340 3000 443 3061 mater,
465 2990 503 3050 sit
523 2991 715 3069 quantumvis
734 2991 882 3070 AEthiops.
903 2979 904 2983 ¹

129 3085 269 3164 Scytham
289 3087 496 3145 exsecramur?
532 3106 631 3146 nonne
650 3096 680 3145 et
704 3087 883 3146 Anacharsis
903 3086 1036 3165 Scytha?

1085 3185 1186 3244 Gaor.

128 3328 229 3386 Genus
249 3327 385 3387 enecabit
403 3346 460 3385 mc.
488 3328 620 3398 obsecro,
642 3328 666 3387 si
687 3329 762 3407 quid
781 3350 829 3389 me
849 3350 938 3400 amas,

129 3423 235 3493 Mater,
257 3421 384 3481 subinde
403 3442 441 3480 ne
460 3421 534 3480 mihi
555 3421 686 3482 inculces
705 3445 810 3502 genus.

130 3519 242 3581 Natura
261 3519 298 3576 ab
318 3517 384 3596 ipsa
402 3517 485 3575 nulla
505 3517 590 3594 queis
603 3517 706 3576 'virtus
726 3518 812 3590 inest,

130 3612 176 3670 llli
195 3613 234 3672 ad
254 3631 376 3670 suorum
395 3611 557 3688 confugere
577 3631 672 3688 genus
693 3612 796 3686 solent,

129 3706 167 3766 Et
186 3707 225 3765 ad
244 3706 389 3786 sepulcra,
408 3725 480 3765 avos
498 3716 684 3765 recensentes
704 3727 781 3766 suos.
846 3717 848 3720 '
882 3717 883 3720 ’

130 3801 219 3860 Haud
239 3800 288 3860 vel
307 3800 418 3870 videre,
438 3800 591 3860 nominare
610 3801 660 3860 vel
678 3821 770 3879 queas

129 3896 201 3958 Avis
221 3906 378 3956 carentem.
406 3904 494 3954 natus
517 3896 628 3956 etenim
647 3896 700 3974 qui
719 3897 818 3956 foret?

130 3991 181 4050 Sin
200 3991 318 4068 aliquis,
338 4000 390 4049 aut
410 3989 492 4069 quod
510 4009 650 4069 prorsum
669 3992 771 4051 amicis
791 3993 929 4064 caruerit,

131 4085 256 4145 Sedesve
276 4085 357 4163 quod
377 4084 510 4155 mutarit,
530 4085 585 4145 hos
604 4086 704 4147 dicere
723 4087 837 4167 nequit,

130 4180 310 4259 lgnobilisne
331 4181 369 4239 sit
387 4181 482 4258 magis
503 4180 731 4242 dicentibus?--

129 4377 346 4463 neronianus]
