2948 5010
489 347 715 398 unnulonns
741 347 916 397 laA'l'INAE.

139 528 288 601 Quocirca
303 529 355 588 ille
374 529 448 588 mihi
468 529 541 589 felix
562 529 672 589 vixisse
692 530 821 600 videtur,

138 623 200 696 Qui
219 634 378 702 postquam
399 625 514 703 aspexit
534 625 640 684 mundi
661 625 781 684 solenne
800 625 950 683 theatrum

50 709 55 716 ¹
137 719 237 796 AEquo
256 720 363 790 animo,
385 719 466 779 hunc
489 720 591 790 solem,
608 730 640 779 et
659 730 762 791 terras,
784 739 874 789 mare,
895 717 1009 788 nubilo,
1033 727 1065 777 et
1085 718 1205 796 ignem3

118 813 280 873 'Protinus
301 814 381 873 unde
402 815 484 884 obiit,
509 825 590 874 satur
611 825 647 873 ut
667 815 793 876 conviva
814 813 967 891 remigrat
1251 879 1256 886 ,

138 907 254 986 Nempe
269 908 343 979 haec,
362 929 414 969 seu
438 918 558 968 centum
578 899 707 968 virendo
730 909 859 969 conteris
884 927 986 977 annos,
1255 916 1273 967 5

86 1025 92 1032 ·
140 1001 199 1060 Seu
221 1022 333 1081 paucos
351 1022 498 1073 numerus,
523 1003 627 1063 eadem
646 1004 802 1063 redeuntia
822 1022 942 1074 cernes3

141 1098 259 1176 Hisque
279 1099 356 1157 nihil
378 1100 494 1172 melius,
517 1098 593 1158 nihil
615 1110 705 1178 utque
725 1099 874 1159 recentius
896 1118 1047 1177 unquam:

140 1192 239 1252 Omne
256 1193 330 1253 odeo
349 1193 382 1252 in
404 1194 492 1253 terris
514 1194 613 1272 egitur
638 1193 720 1273 quod
743 1203 870 1271 tempus,
893 1193 1004 1253 habeto

142 1288 186 1348 Ut
206 1309 363 1349 commune
385 1291 501 1360 forum3
528 1310 655 1368 peregre
674 1289 723 1349 vel
744 1289 886 1349 euntibus
908 1290 1042 1368 amplum

140 1385 326 1464 Hospitium,
347 1396 459 1446 temere
480 1386 598 1446 fluitans
620 1385 674 1445 ubi
695 1385 757 1444 vito
776 1393 918 1455 moratur,

142 1480 226 1539 Mille
243 1480 321 1540 inter
341 1500 437 1560 nugas
451 1482 572 1561 jactata,
590 1480 711 1559 negotiu
732 1480 822 1539 mille.
922 1531 930 1543 ,

142 1575 204 1647 Qui
225 1575 307 1654 prior
327 1576 468 1647 abscedit,
490 1588 612 1656 portum
631 1575 715 1655 prior
736 1584 880 1654 occupat3
903 1574 979 1654 Eja!

141 1671 256 1749 Collige
277 1671 447 1744 velucitus,
467 1693 505 1732 ne
528 1674 605 1731 forte
629 1671 737 1731 viatica
757 1670 863 1730 desint

143 1767 227 1839 Quid
247 1772 363 1827 cessas?
392 1771 522 1829 subeunt
543 1769 701 1846 morbique
724 1777 755 1827 et
777 1767 883 1826 acerba
903 1775 1025 1826 tuorum

138 1862 272 1935 Funera,
290 1873 320 1923 et
341 1863 457 1924 insidiis
479 1864 591 1924 circum
612 1862 748 1942 undique
776 1870 859 1940 septa
879 1873 1023 1922 senectus.
1241 1875 1276 1926 15

1045 1959 1198 2020 Bnowun.

561 2150 624 2216 vl.
668 2149 724 2236 (Ρ.
747 2152 837 2234 134.)

145 2322 334 2392 Adolescens,
356 2323 389 2382 id
412 2322 493 2401 quod
512 2342 559 2382 res
579 2333 623 2381 est
644 2339 705 2380 non
726 2320 876 2400 intelligis.

144 2417 233 2477 Vitio·
249 2428 354 2496 suopte
374 2428 589 2478 consumuntur
610 2416 737 2494 singula,

144 2512 187 2572 Et
207 2513 251 2573 rei
274 2514 419 2592 cujusque
441 2513 583 2591 pernities
605 2513 686 2571 intus
707 2512 787 2571 lutet.

146 2611 216 2669 Hoc
237 2620 282 2670 est
299 2611 422 2688 ferrugo
441 2610 529 2678 ferro,
550 2609 575 2668 si
597 2607 775 2677 consideres,

145 2705 245 2782 Ligno
261 2705 373 2775 teredo,
395 2705 544 2782 tineaeque
564 2703 706 2762 vestibus.
784 2761 787 2767 ,

146 2802 266 2861 Invidia
286 2823 366 2873 vero,
389 2801 470 2880 quod
491 2800 636 2859 malorum
659 2800 821 2878 pessimum
845 2811 898 2870 est,

147 2897 262 2958 Tnbem
283 2897 394 2957 creavit
410 2905 441 2956 et
464 2895 575 2956 meabit
598 2904 628 2954 et
648 2905 738 2964 orent,

147 2992 228 3053 Vere
252 2992 367 3053 satelles
385 2992 476 3051 animi
496 2989 628 3068 corrupti
648 2990 749 3069 impia.

544 3253 625 3318 vn.
650 3257 679 3317 1.
725 3253 780 3338 (P.
803 3253 891 3335 136.)

655 3430 781 3489 Moroso.

148 3548 278 3607 Divitias
298 3546 373 3605 mihi
397 3564 617 3614 commemoras,
642 3563 705 3602 rern
727 3544 808 3603 fluxe
828 3545 903 3605 fide:

149 3644 233 3717 Quas
254 3644 278 3702 si
299 3651 511 3722 perennaturos
533 3661 564 3699 es
587 3648 686 3698 certus
708 3639 774 3707 tibi,

150 3741 219 3798 Non
240 3738 391 3798 intercedo
415 3757 475 3815 quo
498 3735 596 3794 minus
617 3734 775 3804 custodies,

150 3837 215 3895 Nec
236 3835 396 3914 quicquum
415 3831 561 3911 partialis.
582 3830 628 3888 sin
649 3840 683 3889 tu
706 3849 762 3890 nec
784 3832 829 3890 tui

149 3933 194 3991 Es
217 3932 282 4010 ipse
304 3929 453 3997 dominus,
476 3945 604 4006 queque
623 3924 715 3985 hebes
736 3926 794 3985 sibi
818 3926 950 3987 vindicat

151 4029 293 4096 Fortuna,
313 4045 366 4085 cur
386 4023 444 4083 ista
463 4021 528 4082 eliis
551 4020 693 4092 invidens,
712 4025 817 4099 pater?

150 4122 254 4200 Atque
275 4121 334 4190 illc,
358 4129 393 4179 ut
415 4119 490 4178 levis
510 4127 565 4186 est,
585 4117 649 4195 jam
671 4116 732 4176 tuis
753 4117 889 4194 pecuniis

150 4215 357 4294 Indigniorem
379 4213 457 4273 forte
478 4211 692 4273 munerabitur.

151 4313 261 4386 Quare,
283 4331 331 4370 me
355 4311 379 4369 si
402 4310 496 4380 audis,
516 4310 589 4369 dum
609 4319 639 4369 te
661 4330 717 4388 pro
738 4309 858 4368 domino
877 4307 966 4386 geris,

153 4411 350 4499 usnnnnnn]
