2948 5010
474 327 703 378 vuusmnus
727 327 901 377 LATINAE.

125 509 197 588 Ipsi
216 508 273 566 alia
292 517 394 566 nostra
413 517 518 585 sponte
538 509 627 586 s'uper
647 509 832 568 accersimus.

126 606 278 664 Dolemus
298 605 352 664 ubi
372 604 440 682 quis
460 605 601 664 sternuit:
630 605 799 664 convitium

126 701 210 775 Quis
230 699 326 769 dixit,
336 697 545 776 indignamur:
574 699 652 758 vidit
671 700 828 768 somnium,

128 795 317 855 Metuimus:
345 794 442 852 ululat
460 804 578 864 noctua,
600 785 843 854 exhorrescimus.

128 891 240 968 Leges,
261 889 398 959 honores,
418 889 557 957 ambitus,
579 889 710 959 certatio,

129 985 216 1044 Maia
234 985 299 1044 haec
318 984 430 1043 adscita
449 984 535 1042 nobis
557 993 635 1053 suut,
655 1003 716 1041 non
736 983 840 1042 adsita.

129 1176 342 1236 Animantium
362 1175 599 1254 unumquodque
619 1175 823 1236 felicissimum
844 1185 898 1246 est,

131 1272 296 1350 Magisque
316 1271 411 1329 multo
431 1291 522 1348 quam
540 1291 636 1349 genus
655 1271 811 1328 hominum
833 1270 918 1348 sapit.

131 1371 180 1429 Ac
200 1370 342 1448 primum,
362 1367 486 1426 asellum
505 1369 587 1428 hunc
606 1369 732 1437 intuere,
754 1365 889 1426 silibet}

133 1465 207 1524 Sors
227 1475 272 1524 est
292 1463 415 1542 quidem
434 1463 479 1521 illi
500 1463 581 1541 (quis
601 1464 727 1541 neget?)
749 1461 916 1530 durissima,

133 1559 271 1619 Accersit
291 1557 388 1617 ullum
406 1578 462 1617 nec
482 1559 538 1618 sibi
558 1568 657 1617 tamen
676 1558 797 1628 malum,

134 1655 253 1714 Perfert
273 1654 325 1713 sed
345 1652 396 1711 illa
416 1654 478 1713 sola
497 1674 566 1731 quae
585 1663 692 1712 natura
711 1652 771 1711 dat.
814 1682 817 1688 =

136 1751 210 1818 Nos,
230 1759 339 1827 praeter
359 1747 442 1806 aliud
462 1748 543 1826 quod
563 1748 720 1807 necessitas
740 1746 833 1816 vehit,

133 1845 294 1904 Nobismet
312 1845 371 1924 ipsi
390 1844 561 1904 asciscimus
581 1844 711 1903 multum
730 1842 809 1900 mali.

136 1941 171 2001 si
191 1950 323 2001 sternuat
344 1939 420 2018 quis,
441 1939 598 2017 angimur:
620 1940 712 1998 verba
732 1939 770 1996 ob
791 1936 868 1995 mala

135 2036 186 2095 Ira
204 2045 327 2114 repente
347 2034 556 2094 accendimur:
586 2034 611 2092 si
631 2033 745 2092 somnia

136 2132 216 2190 Sunt
235 2124 298 2190 visa
318 2131 468 2208 cuiquam,
487 2149 542 2188 uos
561 2139 658 2188 metus
679 2129 778 2188 statim
799 2125 949 2206 opprimit.
979 2169 981 2174 ,

136 2227 251 2285 Audita
271 2227 296 2284 si
316 2246 375 2284 vox
394 2235 522 2295 noctuae,
542 2225 775 2303 expavescimus.

136 2323 243 2400 Leges,
264 2321 382 2400 piacita,
404 2321 614 2391 contentiones,
636 2321 774 2389 ambitus,

137 2419 213 2476 Haec
233 2425 340 2477 cuncta
358 2425 495 2474 naturam
514 2415 592 2474 mala
611 2415 712 2474 addita
731 2414 770 2474 ad
789 2424 880 2474 tuam.

1009 2509 1050 2567 H.
1072 2509 1191 2568 Sruru.

560 2705 626 2772 111.
672 2706 727 2791 (P.
752 2707 839 2789 124.)

139 2879 165 2938 Ο
190 2867 305 2946 Phidia,
326 2896 398 2936 vero
420 2876 444 2934 si
466 2875 614 2935 laborares
634 2874 722 2944 malo,

140 2973 289 3031 Nimirum
310 2993 381 3031 vero
407 2991 483 3049 opus
504 2980 581 3030 esset
597 2980 627 3030 et
648 2971 851 3030 medicamine.

140 3071 228 3129 Nunc
247 3069 280 3128 id
303 3089 372 3128 cum
394 3088 455 3126 nou
478 3067 524 3138 sit,
543 3067 630 3126 inane
651 3067 836 3126 medicamen
858 3067 936 3126 dabo

139 3165 188 3223 Ad
207 3165 345 3223 morbum
365 3163 501 3222 inanem:
529 3172 563 3221 tu
585 3163 641 3221 tibi
661 3163 747 3222 crede
767 3163 800 3221 id
819 3163 946 3242 profore.

139 3262 220 3338 Ergo
242 3271 272 3319 te
292 3261 465 3336 abstergant
483 3259 685 3336 undequaque
708 3259 857 3329 mulieres,

138 3356 316 3434 Aquamque
336 3364 497 3433 asportent,
520 3353 572 3412 sed
592 3353 689 3411 tribus
710 3354 747 3413 de
770 3355 913 3424 fontibus,

141 3450 418 3534 Quelperfundaris
440 3449 498 3509 sale
521 3448 669 3527 permixta
692 3459 721 3507 et
740 3446 878 3509 lentibus.

564 3731 625 3796 iv.
670 3732 725 3817 (P.
750 3733 837 3815 127.)

141 3899 181 3957 Et
201 3917 299 3956 nonne
320 3895 426 3955 merito
447 3894 523 3952 saxis
542 3893 701 3970 religatum
721 3895 832 3972 asperis

141 3993 342 4069 Vinctumque
364 3989 449 4069 pingi
471 3989 619 4048 ceruimus
641 3987 838 4049 Promethea?

142 4090 217 4147 Nam
240 4087 314 4166 quid
334 4095 487 4165 repertum
504 4086 542 4143 ab
562 4084 633 4142 illo?
661 4084 720 4143 fax.
743 4094 773 4142 et
793 4086 836 4143 nil
856 4086 928 4144 boni

141 4186 303 4245 Praeterea:
331 4183 383 4242 sed
405 4183 486 4261 quod
509 4181 567 4239 Dis
588 4181 677 4240 credo
700 4180 830 4240 invisum
853 4181 1001 4254 omnibus,

142 4280 240 4340 Finxit
262 4279 416 4338 mulieres:
444 4277 520 4357 proh
540 4277 671 4355 supremi
693 4276 811 4347 caelites,

143 4378 336 4465 numanum]
