3060 5030
591 309 871 364 nurnnsnrs.
1265 301 1310 387 57

173 491 251 553 ’ἔστιν
272 493 362 552 τοῦτό
381 519 436 552 τοι.
459 492 464 574 Ι
484 492 593 564 resinae
613 517 674 566 τιις
703 494 743 553 οὖ“
756 494 866 566 κεκῦηκέ
890 517 947 567 τιις
974 493 1099 578 ἤτύχηιιέ
1124 517 1183 566 τιις
1210 493 1310 577 Ιβιὶτ-

177 611 220 646 τει
236 610 294 658 τιις
322 587 430 669 οἶμιᾶζει
447 611 506 660 τιις
527 589 546 659 η’
565 587 646 667 priore
662 587 738 672 φέρει
760 589 772 671 Ι
785 590 901 650 ἅπαντα
922 591 1027 650 ταίἷτα·
1048 593 1134 670 φεῦγε
1151 587 1203 649 nde
1223 591 1311 650 λύπαι

176 681 267 751 μόνον.
308 683 356 743 Ita
378 683 473 743 edidit
496 684 701 755 Gaisfordius,
714 685 823 756 iueisis,
848 687 928 765 quod
952 685 1091 756 vidimus,
1109 701 1182 744 usus
1200 686 1233 743 in
1258 683 1311 745 'ri-

177 781 281 840 tnoelis
303 781 370 841 loco
384 777 520 859 gemello.
561 781 694 842 Ineisis'
685 801 717 840 ιιι
737 781 917 842 Philemonis
936 784 1003 843 loco
1017 792 1087 842 suut
1099 782 1147 841 usi
1168 783 1313 842 Morelius

178 885 268 952 atque
290 875 461 946 Herteliu's3
486 875 562 936 nolis
576 887 675 936 autem
696 876 820 937 Grotius
841 887 876 936 et
888 877 1066 947 Meinelrius,
1089 877 1147 936 nisi
1165 876 1275 954 quod
1266 895 1312 936 rn

175 970 240 1030 eiso
259 982 328 1049 post
348 969 459 1041 κεκιηκέ
481 995 523 1030 ns
544 981 680 1050 uterque,
707 982 776 1051 post
796 970 908 1041 τέθνηκέ
933 979 975 1032 >m
993 972 1043 1032 hie
1067 969 1185 1033 tantum
1208 972 1313 1032 distin·

178 1067 255 1144 guit.
296 1067 335 1126 Si
342 1066 409 1145 quis
424 1066 559 1126 levicula
564 1066 638 1138 bec,
653 1067 855 1137 etminutuls,
866 1069 1020 1147 parvique,
1036 1068 1084 1126 ve'l
1099 1065 1177 1127 forte
1191 1068 1313 1138 nullius,

179 1161 321 1220 momenti
338 1181 401 1220 esse
420 1161 578 1230 existimet,
599 1161 624 1220 is
639 1161 823 1233 meminerit,
835 1163 883 1221 bis
904 1163 1005 1222 saltem
1024 1163 1062 1221 ab
1082 1161 1143 1234 illo,
1161 1162 1244 1241 quod
1264 1183 1314 1222 ve·

180 1276 248 1314 rum
271 1266 325 1326 est,
348 1255 475 1334 quilibet
493 1257 612 1316 aberret
631 1276 751 1316 neeesse
777 1277 851 1326 esse,
879 1257 902 1316 si
929 1258 1028 1317 locum
1051 1256 1147 1316 ullum
1170 1257 1314 1317 trifarimn

180 1353 405 1431 iuterpuuctum
424 1362 480 1412 eat.
521 1352 691 1412 Meminerit
714 1353 813 1423 etiam,
837 1354 1049 1432 perpaululum
1066 1353 1132 1432 opis
1151 1353 1182 1412 in
1208 1374 1241 1414 re
1264 1355 1315 1414 teli

180 1469 218 1510 ex
240 1449 334 1509 Mstis
356 1471 390 1510 ae
410 1449 560 1510 veteribus
581 1449 764 1508 editionibus
786 1449 988 1528 expetendum
1007 1469 1082 1518 esse,
1102 1470 1232 1527 eumque
1251 1461 1315 1510 tan·

181 1556 256 1614 tum,
284 1545 316 1603 in
341 1545 534 1623 antiquorum
560 1543 678 1622 seriptis
704 1543 900 1613 recensendis,
934 1544 1168 1622 interpungendi
1194 1545 1317 1606 modum

182 1650 353 1700 accuratum
373 1659 447 1708 esse,
468 1638 516 1698 vel
536 1659 599 1697 esse
616 1658 713 1716 posse,
732 1638 785 1716 qui
805 1638 1023 1698 efficacissimus
1043 1649 1097 1710 eat,
1118 1649 1149 1698 et
1166 1639 1320 1720 ταρατοιιὶ

180 1733 401 1816 ε’μτρακτότερα
428 1732 473 1790 sal
496 1731 689 1814 σοβαρότεριι
717 1736 846 1792 συντείνει
871 1731 912 1792 ‘ro‘
937 1731 1082 1806 λεγόμενα.
1136 1732 1216 1792 Vide
1237 1736 1318 1794 Lon·

181 1831 244 1908 gin.
259 1829 378 1890 XVIII.
399 1827 509 1908 quide
529 1827 796 1905 interrogationum
816 1819 851 1887 ac
873 1827 1109 1906 responsionum,
1131 1828 1163 1886 in
1190 1831 1319 1889 oratorio

183 1924 331 1984 scribendi
354 1943 473 2002 genere,
497 1923 528 1982 vi
554 1933 585 1982 et
611 1922 797 1982 vehementia
821 1922 864 1980 ibi
891 1922 1061 1992 dissertans,
1087 1922 1153 1982 haeo
1178 1925 1319 2001 praeelare

183 2018 352 2078 annotavit:
370 2017 429 2074 Ἦν
449 2015 479 2076 δὲ
497 2017 591 2076 duleis
617 2016 698 2098 ῥηθὲν
716 2015 754 2074 τδ
776 2017 895 2098 πρᾶγμα
917 2017 958 2096 τᾷ
978 2015 1061 2075 τάντι
1085 2015 1318 2101 καταδεέστερον·

186 2113 236 2170 νυνὶ
262 2110 291 2172 δὲ
315 2111 353 2170 τιν’
371 2110 467 2172 ξ’νθιιννΙ
490 2112 533 2170 καὶ
552 2109 715 2192 δξιῖῤῥοτον
733 2112 784 2182 τῆι
805 2109 924 2170 retinerer
946 2111 990 2169 καὶ
1010 2110 1193 2192 α’πιικρὶσειιι,
1217 2113 1260 2171 καὶ
1282 2113 1322 2172 rd

186 2207 256 2288 rrpde
274 2205 377 2268 ἕαντδν
394 2207 429 2274 ὅς
446 2206 516 2286 πρδι
535 2205 633 2287 ἕτερον
652 2205 838 2286 α’νθνπαντᾷν,
860 2205 892 2264 οὖ
908 2204 993 2279 μόνον
1007 2205 1193 2287 ὖψηλότερον
1204 2205 1319 2277 ἐποίησε

185 2305 227 2384 ‘tp‘
253 2304 446 2385 σχηματισμῷ
472 2300 510 2359 ‘ro‘
533 2299 624 2382 ῥηθὲν,
650 2299 728 2359 α’λλᾶ
753 2301 797 2359 καὶ
823 2298 1006 2382 πιστότερον.
1045 2301 1122 2374 Quoe
1145 2321 1204 2360 non
1225 2305 1320 2382 magis

185 2399 223 2458 ad
246 2419 296 2458 eos
315 2398 438 2466 faciunt,
463 2397 516 2476 qui
536 2406 629 2455 artem
645 2394 822 2456 rhetoricam
846 2407 994 2465 exercent,
1020 2417 1108 2474 quam
1129 2398 1181 2474 qui
1204 2397 1320 2458 drama·

185 2495 284 2562 ticam,
299 2492 361 2552 sive
374 2492 511 2561 activam,
525 2490 608 2569 quod
621 2491 663 2549 ait
676 2490 815 2549 Diomed.
831 2491 890 2551 III.
903 2511 933 2569 p.
947 2497 1014 2550 480.
1038 2491 1155 2550 l‘utsch.
1192 2493 1283 2566 Quod
1296 2495 1322 2552 si

186 2590 378 2669 AntIphsnis,
397 2589 549 2656 Timoelis‚
573 2587 761 2656 Philemonis,
781 2587 846 2646 loce
860 2586 961 2646 Inoisis
977 2586 1153 2664 distinguas,
1171 2590 1321 2660 orationis,

187 2688 229 2747 sie
249 2686 344 2744 ᾰτλιῖι
363 2686 502 2764 parietem,
528 2703 650 2762 prorsus
673 2683 810 2742 evellitur
830 2683 950 2742 aculeus
961 2705 970 2752 ;
997 2683 1022 2741 si
1043 2684 1125 2753 eolis,
1146 2684 1258 2745 locutio
1277 2699 1321 2747 at·

186 2793 335 2842 tenuatur.
376 2780 484 2853 Quivis
500 2778 669 2838 meminerit
686 2776 908 2836 Gnathonieurn
928 2776 1013 2846 illud,
1035 2776 1133 2856 Negat
1151 2779 1241 2858 quis?
1275 2804 1322 2841 ae-

184 2899 231 2956 go.
259 2877 326 2936 ait?
347 2875 403 2946 aio,
419 2874 500 2953 quod
512 2872 615 2932 laudat
630 2873 734 2932 Cicero
751 2872 824 2930 Loel.
842 2880 889 2932 25.
908 2881 939 2932 et
958 2873 1169 2950 interrogative
1182 2888 1324 2955 pungunt

186 2986 252 3032 turn
273 2969 417 3040 Terentii,
430 2980 496 3029 tum
514 2969 603 3029 etiam
624 2966 786 3036 Cioeronis,
800 2965 929 3026 editores
949 2967 1064 3044 optimi,
1086 2967 1228 3046 quodque
1240 2972 1322 3041 eolis,

187 3088 256 3128 curn
277 3065 417 3125 Guidone
436 3063 583 3124 Juvenale
608 3073 691 3141 puta,
715 3080 804 3120 nemo
829 3061 927 3131 hodie,
952 3071 987 3120 ut
1012 3061 1128 3139 opinor,
1150 3063 1323 3144 distinguet,

186 3164 236 3223 vel
257 3182 325 3222 cum
349 3160 442 3220 veteri
463 3159 526 3228 illo,
548 3158 637 3227 vieto,
659 3177 694 3218 ae
715 3168 870 3216 veternoso
888 3157 1051 3235 interprete
1072 3158 1114 3218 sic
1133 3160 1322 3237 explanabit:

187 3258 250 3339 quir
276 3258 295 3315 i.
319 3255 425 3335 aliquis
452 3259 546 3331 neget.
572 3273 624 3332 ego
649 3252 731 3310 etiam
757 3271 835 3329 nego.
863 3250 925 3332 quis
944 3251 1060 3331 inquam
1083 3251 1127 3310 ait
1150 3254 1169 3312 i.
1190 3256 1323 3332 affimat.

187 3375 238 3434 ego
259 3353 341 3413 etiam
362 3352 409 3410 aio
427 3351 446 3409 i.
469 3350 585 3428 affimo.
625 3349 657 3407 si
676 3348 743 3426 quis
761 3348 847 3407 aliter
868 3349 985 3417 sentiat,
1000 3349 1027 3408 ei
1047 3349 1112 3409 loca
1131 3363 1259 3428 quatuor
1279 3374 1323 3412 se-

187 3447 310 3528 quentia
328 3447 411 3514 eolis,
432 3445 479 3504 vel
498 3443 608 3512 incisis,
626 3444 651 3501 si
672 3442 739 3501 Diis
756 3442 895 3520 placebit,
915 3443 1047 3503 ornanda
1063 3455 1094 3504 et
1114 3445 1325 3525 distinguenda

187 3543 333 3624 propino:
361 3539 489 3599 Martial.
500 3537 606 3616 Epigr.
618 3537 692 3595 XII.
702 3544 748 3596 ιο.
757 3535 919 3596 Mentiris?
938 3538 1028 3597 eredo.
1057 3538 1162 3599 recitas
1170 3541 1246 3599 mala
1257 3563 1324 3601 car·

188 3641 290 3700 mino?
316 3637 409 3697 leudo
432 3637 437 3717 Ι
460 3634 584 3694 comas?
611 3641 700 3692 eante.
723 3629 795 3689 bibis
817 3631 1005 3692 Familiare?
1035 3633 1105 3694 bibo.
1139 3635 1323 3697 Chatterton.

189 3735 281 3807 Ello,
295 3756 314 3794 a
333 3729 482 3813 Trogyeol
498 3727 675 3805 Enterlude:
698 3725 794 3788 Dothe
811 3747 874 3785 mar
887 3727 1035 3808 begynne?
1061 3732 1162 3790 tlere's
1177 3731 1325 3794 Celmonde

184 3853 225 3912 yn
247 3831 294 3890 tle
311 3829 404 3910 ploce.
443 3824 636 3903 Wrangham.
649 3822 681 3880 in
699 3822 834 3881 versione
852 3823 1037 3901 Appendicis
1052 3825 1172 3903 Fragm.
1190 3827 1324 3889 XXVII.

189 3923 223 3985 Ie
249 3927 300 3985 lter
324 3945 424 4004 sparse
448 3921 535 3981 siclt?
562 3920 611 3978 slve
630 3918 717 3997 plays
738 3917 785 3976 lle
806 3917 903 3976 render
928 3939 1021 3977 nurse.
1042 3917 1103 3998 lle
1128 3919 1163 3978 Ire
1188 3919 1262 3981 beret
1288 3923 1324 4006 by

188 4030 267 4080 rtem
280 4017 457 4098 Adversity?
479 4016 484 4096 Ι
504 4015 555 4074 alre
572 4009 828 4090 combolssuitlfisl
842 4020 873 4069 ot
889 4011 935 4070 lu’s
950 4014 1018 4072 ride.
1058 4014 1193 4074 Issachar
1210 4018 1323 4097 Styrlrii

190 4114 370 4194 Euripides’e
389 4111 510 4171 Alcestis
532 4108 710 4188 Burlesqued
725 4114 811 4167 2023.
852 4106 936 4166 Bilee
953 4109 1028 4167 ele?
1051 4108 1074 4165 il
1090 4112 1237 4171 raulcles
1226 4134 1256 4172 ιιι
1280 4116 1326 4175 tlte

189 4229 320 4281 rnarrow,
343 4209 425 4290 llilce
442 4207 565 4266 venorn'd
580 4205 655 4263 ιοοιιι
674 4201 711 4282 ej
722 4202 852 4282 poison’d
867 4221 975 4261 erroro.
1012 4189 1118 4264 Obiter
1139 4210 1287 4280 notabo,
1278 4230 1324 4268 rn-

189 4306 258 4367 cisis
278 4306 309 4364 in
336 4325 368 4364 re
388 4303 440 4363 tali
467 4321 554 4362 usum
575 4319 642 4359 esse
665 4297 810 4357 Scottium
831 4307 1002 4367 nostratem,
1027 4319 1094 4378 quae
1117 4307 1215 4363 tamen
1239 4307 1325 4385 (pace
