3060 5030
656 371 816 419 xunx1s.
1263 355 1307 419 33

170 548 304 618 γλαῖαοαν
316 545 471 626 ἐξείραντες
485 549 532 606 av’-
546 549 550 629 Ι
562 551 623 618 τοῦ,
642 575 666 606 κ.
675 576 704 607 τ.
714 562 741 606 λ.
770 548 853 622 Quid
867 567 940 607 vero
953 546 1009 606 sibi
1024 549 1152 608 voluerit
1163 545 1221 606 Vir
1234 547 1304 607 doc·

168 641 310 711 tissimus,
333 642 405 700 dum
427 642 562 722 ξνλνὶφιαν
583 644 620 703 de
638 645 752 703 ramulo
775 655 892 722 myrteo
910 663 1065 722 caprarum
1086 641 1230 722 capitibus
1253 642 1304 700 im-

165 735 259 813 posito
279 737 473 815 intelligebat,
492 740 542 797 vix
563 739 697 817 expedio.
739 739 832 798 Bastii
854 738 1020 797 versionem
1041 737 1302 815 Francogallicam,

169 831 305 909 Anglicis
320 834 503 894 versionibus
517 837 714 904 intertextam,
728 835 806 894 infra
820 855 873 894 suo
886 835 951 894 loeo
965 833 1043 892 vide.

247 937 267 965 ¹⁶
288 937 412 996 Theocr·
438 938 483 996 ld.
508 939 578 997 Vll.
604 947 650 1008 19.
675 942 720 995 καί
741 938 767 1010 μ’
790 935 913 1017 ἀτρέμας
933 933 994 996 εἶπε
1017 935 1142 1017 σεσαρυῖς
1166 936 1171 1017 Ι
1194 935 1301 1010 ὅμμαπι

167 1028 326 1100 μειδιόωντι,
349 1030 434 1104 γε’λιις
456 1029 484 1091 δέ
504 1037 552 1096 Por
572 1036 672 1114 εἴχετο
693 1036 809 1114 χείλεος.
832 1032 883 1092 ubl
903 1031 1000 1090 Schol.
1021 1029 1147 1112 oeoapris
1166 1031 1228 1090 dni
1248 1037 1303 1090 τοῦ

166 1122 255 1204 η’ρέμα
276 1125 359 1198 ἐγέλα
384 1127 530 1198 διεστηκιδς
556 1127 598 1187 rei
621 1132 712 1208 χείλη.
754 1129 801 1186 De
824 1127 1043 1186 constructione
1068 1127 1138 1186 vide
1163 1127 1241 1185 infra
1262 1127 1302 1186 ad

168 1219 281 1278 Eubuli
302 1221 422 1298 Fragm.
445 1224 468 1280 l.
489 1243 518 1281 n.
535 1223 564 1284 6.

245 1324 266 1354 ¹⁶
285 1327 375 1403 Angl.
398 1326 457 1385 wilt
475 1348 508 1386 or
528 1328 589 1386 nill.
632 1328 785 1386 Philemon
806 1325 887 1404 apud
906 1325 989 1384 Stob.
1003 1325 1038 1383 Τ.
1056 1333 1120 1385 108.
1136 1334 1161 1384 1.
1178 1336 1209 1386 et
1225 1325 1301 1384 Plu·

165 1419 257 1478 tarch.
277 1422 394 1480 Consol.
415 1423 515 1500 Apoll.
535 1444 565 1501 p.
581 1432 644 1482 105.
660 1423 694 1480 F.
715 1419 764 1480 e'o'v
785 1447 818 1478 τε
841 1424 942 1502 κλαῖης,
963 1418 998 1477 ἅν
1017 1445 1051 1478 τε
1072 1419 1119 1493 μοὶ,
1141 1418 1300 1500 πορεύεται.

168 1515 325 1573 Mu‘sonlus
343 1517 426 1596 apud
448 1517 530 1576 Stob.
546 1518 580 1575 T.
598 1517 643 1577 56.
660 1525 705 1576 18.
728 1517 761 1574 ἅν
784 1512 811 1574 τ’
832 1513 878 1573 οὖν
898 1514 965 1574 ἰδίαν
986 1511 1042 1595 ’ἔχη
1065 1539 1115 1585 τις,
1140 1512 1174 1572 ἄν
1196 1539 1230 1574 τε
1252 1514 1299 1588 μή.

166 1610 252 1670 Plato
267 1611 360 1690 Gorg.
382 1634 411 1691 p.
435 1621 498 1684 190.
522 1612 679 1673 Heindorf.
699 1611 746 1672 εὀἷν
769 1638 802 1671 τε
829 1615 975 1693 χαίρωσιν,
1001 1608 1048 1668 ε’ἅν
1069 1635 1102 1670 πε
1121 1610 1169 1683 μή.
1209 1611 1299 1672 Adde

166 1706 270 1785 Eurip.
285 1707 390 1787 Suppl.
405 1716 471 1769 501.
486 1709 640 1787 Aristoph.
655 1709 735 1768 Plut.
750 1709 816 1769 638.
839 1707 964 1786 Lysistr.
978 1715 1044 1777 939.
1058 1717 1089 1766 et
1101 1707 1217 1768 Eccles.
1232 1717 1300 1780 981.

166 1801 214 1860 De
233 1801 268 1859 α’ἶν
286 1823 342 1881 pro
361 1802 408 1860 εὀῒν
429 1803 497 1862 vide
517 1804 596 1863 infra
615 1805 652 1864 ad
672 1803 798 1882 Antipb.
820 1804 937 1881 Fragm.
960 1800 1050 1859 XlIl.
1070 1821 1100 1859 n.
1121 1811 1148 1862 2.

265 2094 336 2165 Ουκ
359 2092 432 2166 ἔστ’
458 2095 754 2194 ἀναισχυντότερον
779 2095 886 2168 οὐθὲν1
909 2101 1018 2191 θηρίον

264 2211 440 2302 γυναικόςῖ,
467 2214 522 2286 α’π’
550 2213 687 2299 ἐμαυτῆς
713 2212 783 2304 ἐγώ
808 2218 1024 2308 τεκμαίρομαι.

863 2326 956 2405 Apud
976 2326 1066 2385 Suos.
1089 2327 1123 2383 T.
1145 2335 1190 2393 73.
1210 2335 1257 2398 39.

243 2455 250 2483 ¹
272 2455 377 2515 Malim
399 2455 482 2526 οὐδὲν,
502 2468 536 2516 ut
558 2457 589 2514 in
609 2458 743 2535 proxime
762 2457 896 2534 sequenti
916 2455 1104 2533 Fragmento.
1145 2455 1190 2513 lta
1207 2456 1295 2515 etiam

164 2549 308 2626 seriptum
325 2551 356 2607 in
379 2551 500 2612 Collect.
520 2552 627 2610 Gnom.
649 2552 799 2629 impressis
819 2571 887 2610 cum
909 2549 1023 2610 Gallim.
1047 2549 1173 2608 Froben.
1215 2550 1294 2610 Vide

163 2644 242 2703 infra
261 2644 299 2703 ad
319 2647 444 2725 Antipb.
465 2647 584 2725 Fragm.
605 2646 693 2705 VlIl.
713 2667 742 2704 n.
761 2656 785 2704 1.

241 2747 252 2777 ⁸
272 2749 348 2806 Cum
368 2752 479 2832 εἰσορᾶν
499 2749 622 2823 γνααικδς
641 2750 770 2808 habeant
789 2749 849 2806 duo
869 2747 959 2806 MSS.
979 2747 1060 2825 apud
1081 2746 1294 2820 Gaisfordium,

163 2843 250 2902 facile
270 2844 330 2921 legi
350 2857 463 2924 potest:
485 2847 532 2905 οὐκ
554 2844 614 2906 ἔστ’
632 2843 890 2926 ἀναισχυντότερον
910 2842 986 2903 οὐδὲν
1006 2848 1118 2924 εἷσορᾷν
1136 2844 1141 2926 Ι
1163 2846 1294 2918 γυναικός·

163 2935 212 2993 ἀπ’
225 2935 343 3010 ἐμαυτῆς
357 2967 380 2996 κ.
390 2966 417 2997 τ.
427 2953 455 3000 λ.
496 2942 538 3000 Et
552 2943 593 3000 sic
606 2940 861 3017 distinguendum,
874 2959 943 2998 cum
953 2938 1087 2997 Morelio.
1127 2939 1175 2998 Cf.
1189 2941 1294 3020 Eurip.

163 3030 261 3091 Orest.
276 3042 343 3101 717.
369 3035 470 3094 πισπδς
486 3036 513 3096 ἐν
531 3043 622 3094 κακοῖς
639 3035 707 3116 α’ννΙρ
727 3034 732 3114 Ι
749 3038 883 3116 κρείσσων
900 3032 1018 3106 γαλήνης
1031 3037 1203 3093 ’ναυτίλοισιν
1220 3043 1294 3094 εἷσο-

162 3128 223 3207 ρᾷν.
271 3128 466 3189 Homericum
489 3133 565 3189 illud
588 3130 777 3190 adumbravit
800 3130 919 3187 Alexis:
948 3127 980 3187 oie
1007 3127 1054 3186 οὐκ
1081 3128 1225 3210 αἰνότερον
1251 3131 1295 3189 καὶ

162 3222 291 3304 κύντερον
308 3223 380 3283 ἅλλα
397 3229 528 3299 γυναικός.
571 3228 667 3286 Locus
681 3237 726 3286 est
739 3226 797 3284 Od.
811 3225 846 3281 A.
862 3225 927 3284 426.
969 3223 1055 3283 Istud
1076 3225 1168 3306 θηρίον
1185 3226 1222 3285 de
1240 3247 1294 3286 suo

162 3319 281 3378 videtur
301 3321 450 3380 infensisse
470 3322 618 3392 librarius,
640 3341 753 3381 memor
776 3321 898 3378 fortasse
922 3319 1082 3378 Menandri
1105 3321 1186 3398 apud
1210 3321 1293 3381 Stob.

164 3413 200 3472 T.
214 3423 261 3481 73.
275 3415 321 3474 56.
336 3417 448 3474 πολλῶν
461 3415 537 3474 κατιὶ
549 3419 600 3489 γῆν
613 3442 656 3474 και
670 3415 746 3474 καποῖ
759 3414 907 3473 θάλατταν
921 3415 1018 3495 θηρίων
1032 3413 1037 3494 Ι
1051 3413 1146 3484 ὄντων,
1159 3413 1294 3489 μέγιστόν

161 3507 225 3567 ἐστι
241 3509 335 3589 θηρίον
353 3510 427 3583 γυνή.
469 3511 648 3590 Quanquam
662 3512 819 3588 vulgatum
835 3509 994 3569 defendere
1008 3509 1126 3569 videtur
1140 3511 1292 3590 Aristoph.

162 3604 286 3682 Lysistr.
307 3614 390 3665 1014.
410 3604 485 3665 οὐδέν
503 3605 566 3666 ἔστι
586 3607 679 3686 θηρίον
691 3604 813 3678 γυναικδς
831 3602 1029 3685 α’μαχαῖπερον,
1048 3603 1053 3684 Ι
1075 3605 1138 3664 οὐδὲ
1155 3607 1217 3687 πῦρ,
1238 3606 1294 3665 ott’

162 3699 206 3759 οἷδ’
227 3700 335 3771 danihele
355 3701 463 3776 ου’δεμῖα
485 3702 626 3784 πόρδαλις.
666 3702 804 3760 Donnlus
821 3712 936 3760 nostras
953 3702 1037 3779 Eleg.
1056 3701 1159 3760 XVII.
1202 3702 1249 3761 0!
1273 3703 1294 3763 Ῑ

159 3797 308 3876 prophane
315 3818 329 3862 ;
351 3797 456 3876 though
469 3807 537 3856 most
556 3795 594 3875 (ff
607 3817 710 3856 momen
730 3795 762 3854 be
782 3795 787 3876 Ι
805 3797 861 3854 this
875 3795 945 3854 lind
955 3794 1086 3875 ‹ffheost
1101 3815 1146 3875 my
1161 3797 1293 3876 thoughts

162 3891 239 3949 shall
265 3900 362 3971 except
388 3893 459 3961 thee,
486 3891 491 3972 Ι
514 3913 561 3972 ιαμ
584 3891 695 3951 dearest
718 3893 798 3950 love!
852 3892 928 3949 Cum
953 3890 1124 3967 Fragmenti
1148 3895 1292 3978 sententia

164 3986 302 4044 convenit
323 3986 419 4044 Plaut.
442 3987 505 4044 Mil.
521 3987 562 4045 Il.
576 3995 602 4046 3.
618 3986 664 4048 86.
694 3985 772 4051 Quid
788 3987 875 4064 pejus
895 3984 1011 4042 muliere
1026 3992 1112 4062 atque
1123 3985 1291 4049 audacius?

572 4167 574 4174 .
661 4131 718 4196 V¹.
763 4133 792 4194 1.

261 4243 330 4316 Οὐκ
343 4241 448 4318 Ιἔστιν
470 4241 547 4318 οὔτε
573 4250 695 4343 τεῖχος,
721 4241 800 4316 οὔτε
825 4242 994 4340 χρήματα,

261 4357 322 4434 ohh'
349 4361 435 4435 ἄλλο
458 4359 691 4462 δυσφύλακτον
718 4357 817 4444 οὐδὲν,
843 4359 882 4432 ὥς
908 4359 1016 4450 γυνήῖ

260 4466 282 4528 3
