<?xml version="1.0" encoding="UTF-8"?>
<!DOCTYPE html PUBLIC "-//W3C//DTD XHTML 1.0 Transitional//EN"
    "http://www.w3.org/TR/xhtml1/DTD/xhtml1-transitional.dtd">
<html xmlns="http://www.w3.org/1999/xhtml" xml:lang="en" lang="en">
 <head>
  <title>
</title>
<meta http-equiv="Content-Type" content="text/html;charset=utf-8" />
  <meta name='ocr-system' content='tesseract 3.04.00' />
  <meta name='ocr-capabilities' content='ocr_page ocr_carea ocr_par ocr_line ocrx_word'/>
</head>
<body>
  <div class='ocr_page' id='page_1' title='image "./comicorumgraeco00bailgoog_0239.png"; bbox 0 0 2948 5010; ppageno 0'>
   <div class='ocr_carea' id='block_1_1' title="bbox 582 333 1011 385">
    <p class='ocr_par' dir='ltr' id='par_1_1' title="bbox 582 333 1011 385">
     <span class='ocr_line' id='line_1_1' title="bbox 582 333 1011 385; baseline -0.012 -1"><span class='ocrx_word' id='word_1_1' title='bbox 582 334 809 385; x_wconf 78' lang='lat' dir='ltr'><strong>VERSIONES</strong></span> <span class='ocrx_word' id='word_1_2' title='bbox 838 333 1011 382; x_wconf 80' lang='lat' dir='ltr'><strong>LATINAE.</strong></span> 
     </span>
    </p>
   </div>
   <div class='ocr_carea' id='block_1_2' title="bbox 643 549 959 634">
    <p class='ocr_par' dir='ltr' id='par_1_2' title="bbox 643 549 959 634">
     <span class='ocr_line' id='line_1_2' title="bbox 643 549 959 634; baseline -0.016 -20"><span class='ocrx_word' id='word_1_3' title='bbox 643 549 748 614; x_wconf 84' lang='lat' dir='ltr'>x111.</span> <span class='ocrx_word' id='word_1_4' title='bbox 796 549 851 634; x_wconf 84' lang='lat' dir='ltr'><strong>(P.</strong></span> <span class='ocrx_word' id='word_1_5' title='bbox 871 549 959 628; x_wconf 80' lang='lat'>148.)</span> 
     </span>
    </p>
   </div>
   <div class='ocr_carea' id='block_1_3' title="bbox 218 702 1054 872">
    <p class='ocr_par' dir='ltr' id='par_1_3' title="bbox 218 702 1054 872">
     <span class='ocr_line' id='line_1_3' title="bbox 218 702 1054 783; baseline -0.007 -17"><span class='ocrx_word' id='word_1_6' title='bbox 218 708 317 781; x_wconf 81' lang='lat' dir='ltr'><strong>Quam</strong></span> <span class='ocrx_word' id='word_1_7' title='bbox 337 725 408 766; x_wconf 85' lang='lat' dir='ltr'><strong>vero</strong></span> <span class='ocrx_word' id='word_1_8' title='bbox 427 705 565 783; x_wconf 90' lang='lat' dir='ltr'><strong>iniquum</strong></span> <span class='ocrx_word' id='word_1_9' title='bbox 584 716 639 775; x_wconf 85' lang='lat' dir='ltr'><strong>est,</strong></span> <span class='ocrx_word' id='word_1_10' title='bbox 660 725 728 765; x_wconf 89' lang='lat' dir='ltr'><strong>cum</strong></span> <span class='ocrx_word' id='word_1_11' title='bbox 748 704 822 782; x_wconf 92' lang='lat' dir='ltr'><strong>quid</strong></span> <span class='ocrx_word' id='word_1_12' title='bbox 841 704 963 762; x_wconf 89' lang='lat' dir='ltr'><strong>molitur</strong></span> <span class='ocrx_word' id='word_1_13' title='bbox 982 702 1054 762; x_wconf 92' lang='lat' dir='ltr'><strong>boni</strong></span> 
     </span>
     <span class='ocr_line' id='line_1_4' title="bbox 220 799 898 872; baseline -0.006 -12"><span class='ocrx_word' id='word_1_14' title='bbox 220 804 343 872; x_wconf 86' lang='lat' dir='ltr'><strong>Natura,</strong></span> <span class='ocrx_word' id='word_1_15' title='bbox 363 812 429 861; x_wconf 85' lang='lat' dir='ltr'><strong>tum</strong></span> <span class='ocrx_word' id='word_1_16' title='bbox 450 801 614 860; x_wconf 77' lang='lat' dir='ltr'><strong>Fortunam</strong></span> <span class='ocrx_word' id='word_1_17' title='bbox 634 800 667 858; x_wconf 93' lang='lat' dir='ltr'><strong>id</strong></span> <span class='ocrx_word' id='word_1_18' title='bbox 686 799 898 859; x_wconf 85' lang='lat' dir='ltr'><strong>intervortere!</strong></span> 
     </span>
    </p>
   </div>
   <div class='ocr_carea' id='block_1_4' title="bbox 629 1125 941 1212">
    <p class='ocr_par' dir='ltr' id='par_1_4' title="bbox 629 1125 941 1212">
     <span class='ocr_line' id='line_1_5' title="bbox 629 1125 941 1212; baseline -0.013 -21"><span class='ocrx_word' id='word_1_19' title='bbox 629 1127 730 1192; x_wconf 74' lang='lat' dir='ltr'><strong>xlv.</strong></span> <span class='ocrx_word' id='word_1_20' title='bbox 775 1126 830 1212; x_wconf 88' lang='lat' dir='ltr'><strong>(P.</strong></span> <span class='ocrx_word' id='word_1_21' title='bbox 854 1125 941 1205; x_wconf 86' lang='lat'>151.)</span> 
     </span>
    </p>
   </div>
   <div class='ocr_carea' id='block_1_5' title="bbox 217 1297 1034 2139">
    <p class='ocr_par' dir='ltr' id='par_1_5' title="bbox 218 1297 838 1367">
     <span class='ocr_line' id='line_1_6' title="bbox 218 1297 838 1367; baseline -0.005 -9"><span class='ocrx_word' id='word_1_22' title='bbox 218 1299 250 1358; x_wconf 94' lang='lat' dir='ltr'><strong>Si</strong></span> <span class='ocrx_word' id='word_1_23' title='bbox 267 1299 412 1358; x_wconf 76' lang='lat' dir='ltr'><strong>noscitare</strong></span> <span class='ocrx_word' id='word_1_24' title='bbox 432 1308 462 1357; x_wconf 92' lang='lat' dir='ltr'><strong>te</strong></span> <span class='ocrx_word' id='word_1_25' title='bbox 482 1299 537 1367; x_wconf 89' lang='lat' dir='ltr'><strong>vis,</strong></span> <span class='ocrx_word' id='word_1_26' title='bbox 557 1297 646 1357; x_wconf 83' lang='lat' dir='ltr'>itiner</span> <span class='ocrx_word' id='word_1_27' title='bbox 666 1317 736 1358; x_wconf 92' lang='lat' dir='ltr'><strong>cum</strong></span> <span class='ocrx_word' id='word_1_28' title='bbox 755 1297 838 1366; x_wconf 86' lang='lat' dir='ltr'><strong>facis,</strong></span> 
     </span>
    </p>

    <p class='ocr_par' dir='ltr' id='par_1_6' title="bbox 217 1392 1034 1949">
     <span class='ocr_line' id='line_1_7' title="bbox 217 1392 943 1472; baseline -0.004 -21"><span class='ocrx_word' id='word_1_29' title='bbox 217 1395 305 1454; x_wconf 86' lang='lat' dir='ltr'><strong>Viam</strong></span> <span class='ocrx_word' id='word_1_30' title='bbox 325 1414 410 1454; x_wconf 87' lang='lat' dir='ltr'><strong>secus</strong></span> <span class='ocrx_word' id='word_1_31' title='bbox 431 1404 623 1453; x_wconf 85' lang='lat' dir='ltr'><strong>monumenta</strong></span> <span class='ocrx_word' id='word_1_32' title='bbox 643 1413 711 1472; x_wconf 84' lang='lat' dir='ltr'><strong>quae</strong></span> <span class='ocrx_word' id='word_1_33' title='bbox 731 1403 810 1452; x_wconf 84' lang='lat' dir='ltr'><strong>stant</strong></span> <span class='ocrx_word' id='word_1_34' title='bbox 828 1392 943 1470; x_wconf 79' lang='lat' dir='ltr'><strong>aspice:</strong></span> 
     </span>
     <span class='ocr_line' id='line_1_8' title="bbox 219 1489 885 1568; baseline -0.003 -20"><span class='ocrx_word' id='word_1_35' title='bbox 219 1492 346 1568; x_wconf 89' lang='lat' dir='ltr'><strong>Nanqne</strong></span> <span class='ocrx_word' id='word_1_36' title='bbox 366 1489 409 1548; x_wconf 92' lang='lat' dir='ltr'><strong>ibi</strong></span> <span class='ocrx_word' id='word_1_37' title='bbox 429 1489 671 1568; x_wconf 90' lang='lat' dir='ltr'><strong>dispulverantur</strong></span> <span class='ocrx_word' id='word_1_38' title='bbox 691 1509 779 1549; x_wconf 84' lang='lat' dir='ltr'><strong>exesa</strong></span> <span class='ocrx_word' id='word_1_39' title='bbox 798 1508 885 1547; x_wconf 89' lang='lat' dir='ltr'><strong>ossua</strong></span> 
     </span>
     <span class='ocr_line' id='line_1_9' title="bbox 218 1580 1034 1663; baseline -0.006 -20"><span class='ocrx_word' id='word_1_40' title='bbox 218 1585 347 1662; x_wconf 89' lang='lat' dir='ltr'>Regum,</span> <span class='ocrx_word' id='word_1_41' title='bbox 367 1584 593 1663; x_wconf 82' lang='lat' dir='ltr'><strong>sapientumque</strong></span> <span class='ocrx_word' id='word_1_42' title='bbox 614 1594 703 1663; x_wconf 86' lang='lat' dir='ltr'><strong>atque</strong></span> <span class='ocrx_word' id='word_1_43' title='bbox 723 1602 907 1642; x_wconf 89' lang='lat' dir='ltr'><strong>summorum</strong></span> <span class='ocrx_word' id='word_1_44' title='bbox 926 1580 1034 1648; x_wconf 90' lang='lat' dir='ltr'><strong>virum,</strong></span> 
     </span>
     <span class='ocr_line' id='line_1_10' title="bbox 217 1679 875 1759; baseline 0 -21"><span class='ocrx_word' id='word_1_45' title='bbox 217 1680 282 1739; x_wconf 88' lang='lat' dir='ltr'><strong>Sibi</strong></span> <span class='ocrx_word' id='word_1_46' title='bbox 301 1680 353 1758; x_wconf 91' lang='lat' dir='ltr'><strong>qui</strong></span> <span class='ocrx_word' id='word_1_47' title='bbox 372 1681 510 1758; x_wconf 76' lang='lat' dir='ltr'><strong>placuere</strong></span> <span class='ocrx_word' id='word_1_48' title='bbox 529 1679 692 1751; x_wconf 85' lang='lat' dir='ltr'><strong>nobilitate,</strong></span> <span class='ocrx_word' id='word_1_49' title='bbox 714 1679 875 1759; x_wconf 85' lang='lat' dir='ltr'><strong>opulentia,</strong></span> 
     </span>
     <span class='ocr_line' id='line_1_11' title="bbox 217 1774 904 1854; baseline 0 -21"><span class='ocrx_word' id='word_1_50' title='bbox 217 1775 408 1853; x_wconf 84' lang='lat' dir='ltr'><strong>Pulchraque</strong></span> <span class='ocrx_word' id='word_1_51' title='bbox 428 1776 525 1854; x_wconf 87' lang='lat' dir='ltr'><strong>specie</strong></span> <span class='ocrx_word' id='word_1_52' title='bbox 545 1786 576 1835; x_wconf 94' lang='lat' dir='ltr'><strong>et</strong></span> <span class='ocrx_word' id='word_1_53' title='bbox 594 1777 698 1834; x_wconf 86' lang='lat' dir='ltr'><strong>formae</strong></span> <span class='ocrx_word' id='word_1_54' title='bbox 717 1774 904 1842; x_wconf 85' lang='lat' dir='ltr'><strong>claritudine,</strong></span> 
     </span>
     <span class='ocr_line' id='line_1_12' title="bbox 217 1869 890 1949; baseline -0.003 -21"><span class='ocrx_word' id='word_1_55' title='bbox 217 1870 355 1943; x_wconf 88' lang='lat' dir='ltr'><strong>Quorum</strong></span> <span class='ocrx_word' id='word_1_56' title='bbox 374 1870 418 1928; x_wconf 92' lang='lat' dir='ltr'><strong>nil</strong></span> <span class='ocrx_word' id='word_1_57' title='bbox 437 1871 682 1949; x_wconf 86' lang='lat' dir='ltr'><strong>potuit.tempori</strong></span> <span class='ocrx_word' id='word_1_58' title='bbox 703 1869 890 1929; x_wconf 85' lang='lat' dir='ltr'><strong>contendere.</strong></span> 
     </span>
    </p>

    <p class='ocr_par' dir='ltr' id='par_1_7' title="bbox 217 1965 864 2026">
     <span class='ocr_line' id='line_1_13' title="bbox 217 1965 864 2026; baseline -0.006 0"><span class='ocrx_word' id='word_1_59' title='bbox 217 1967 330 2026; x_wconf 84' lang='lat' dir='ltr'><strong>Omnes</strong></span> <span class='ocrx_word' id='word_1_60' title='bbox 349 1965 466 2024; x_wconf 87' lang='lat' dir='ltr'><strong>easdem</strong></span> <span class='ocrx_word' id='word_1_61' title='bbox 486 1965 604 2025; x_wconf 90' lang='lat' dir='ltr'><strong>subiere</strong></span> <span class='ocrx_word' id='word_1_62' title='bbox 623 1966 749 2025; x_wconf 88' lang='lat' dir='ltr'><strong>Orcinas</strong></span> <span class='ocrx_word' id='word_1_63' title='bbox 768 1966 864 2024; x_wconf 86' lang='lat' dir='ltr'><strong>fores:</strong></span> 
     </span>
    </p>

    <p class='ocr_par' dir='ltr' id='par_1_8' title="bbox 217 2058 933 2139">
     <span class='ocr_line' id='line_1_14' title="bbox 217 2058 933 2139; baseline -0.004 -21"><span class='ocrx_word' id='word_1_64' title='bbox 217 2061 293 2121; x_wconf 83' lang='lat' dir='ltr'><strong>Haec</strong></span> <span class='ocrx_word' id='word_1_65' title='bbox 312 2071 347 2119; x_wconf 94' lang='lat' dir='ltr'><strong>tu</strong></span> <span class='ocrx_word' id='word_1_66' title='bbox 367 2060 570 2138; x_wconf 87' lang='lat' dir='ltr'><strong>contemplans</strong></span> <span class='ocrx_word' id='word_1_67' title='bbox 589 2060 653 2139; x_wconf 92' lang='lat' dir='ltr'><strong>ipse</strong></span> <span class='ocrx_word' id='word_1_68' title='bbox 672 2070 703 2119; x_wconf 88' lang='lat' dir='ltr'><strong>te</strong></span> <span class='ocrx_word' id='word_1_69' title='bbox 724 2059 776 2138; x_wconf 92' lang='lat' dir='ltr'><strong>qni</strong></span> <span class='ocrx_word' id='word_1_70' title='bbox 796 2059 836 2117; x_wconf 87' lang='lat' dir='ltr'><strong>sis</strong></span> <span class='ocrx_word' id='word_1_71' title='bbox 855 2058 933 2117; x_wconf 88' lang='lat' dir='ltr'><strong>vide.</strong></span> 
     </span>
    </p>
   </div>
   <div class='ocr_carea' id='block_1_6' title="bbox 216 2267 987 3112">
    <p class='ocr_par' dir='ltr' id='par_1_9' title="bbox 217 2267 987 2824">
     <span class='ocr_line' id='line_1_15' title="bbox 217 2267 897 2346; baseline -0.003 -17"><span class='ocrx_word' id='word_1_72' title='bbox 217 2269 346 2329; x_wconf 82' lang='lat' dir='ltr'><strong>Novisse</strong></span> <span class='ocrx_word' id='word_1_73' title='bbox 366 2267 390 2327; x_wconf 91' lang='lat' dir='ltr'><strong>si</strong></span> <span class='ocrx_word' id='word_1_74' title='bbox 411 2268 465 2337; x_wconf 86' lang='lat' dir='ltr'><strong>vis,</strong></span> <span class='ocrx_word' id='word_1_75' title='bbox 486 2267 582 2344; x_wconf 84' lang='lat' dir='ltr'><strong>qualis</strong></span> <span class='ocrx_word' id='word_1_76' title='bbox 602 2279 654 2327; x_wconf 91' lang='lat' dir='ltr'><strong>aut</strong></span> <span class='ocrx_word' id='word_1_77' title='bbox 674 2269 811 2346; x_wconf 86' lang='lat' dir='ltr'><strong>quisnam</strong></span> <span class='ocrx_word' id='word_1_78' title='bbox 831 2268 897 2336; x_wconf 88' lang='lat' dir='ltr'><strong>sies,</strong></span> 
     </span>
     <span class='ocr_line' id='line_1_16' title="bbox 218 2361 987 2443; baseline -0.005 -21"><span class='ocrx_word' id='word_1_79' title='bbox 218 2365 384 2424; x_wconf 89' lang='lat' dir='ltr'><strong>Hominum</strong></span> <span class='ocrx_word' id='word_1_80' title='bbox 406 2363 551 2441; x_wconf 86' lang='lat' dir='ltr'><strong>sepulcra,</strong></span> <span class='ocrx_word' id='word_1_81' title='bbox 572 2363 646 2424; x_wconf 93' lang='lat' dir='ltr'><strong>dum</strong></span> <span class='ocrx_word' id='word_1_82' title='bbox 665 2385 791 2443; x_wconf 83' lang='lat' dir='ltr'><strong>peregre</strong></span> <span class='ocrx_word' id='word_1_83' title='bbox 811 2364 846 2433; x_wconf 91' lang='lat' dir='ltr'><strong>is,</strong></span> <span class='ocrx_word' id='word_1_84' title='bbox 866 2361 987 2440; x_wconf 79' lang='lat' dir='ltr'><strong>inspice.</strong></span> 
     </span>
     <span class='ocr_line' id='line_1_17' title="bbox 218 2458 894 2537; baseline -0.001 -20"><span class='ocrx_word' id='word_1_85' title='bbox 218 2459 276 2518; x_wconf 87' lang='lat' dir='ltr'><strong>His</strong></span> <span class='ocrx_word' id='word_1_86' title='bbox 296 2480 371 2529; x_wconf 88' lang='lat' dir='ltr'><strong>ossa,</strong></span> <span class='ocrx_word' id='word_1_87' title='bbox 391 2458 492 2537; x_wconf 89' lang='lat' dir='ltr'><strong>pulvis</strong></span> <span class='ocrx_word' id='word_1_88' title='bbox 511 2469 601 2537; x_wconf 86' lang='lat' dir='ltr'><strong>atque</strong></span> <span class='ocrx_word' id='word_1_89' title='bbox 620 2459 716 2518; x_wconf 90' lang='lat' dir='ltr'><strong>inanis</strong></span> <span class='ocrx_word' id='word_1_90' title='bbox 737 2458 894 2528; x_wconf 85' lang='lat' dir='ltr'><strong>clauditur,</strong></span> 
     </span>
     <span class='ocr_line' id='line_1_18' title="bbox 218 2553 946 2633; baseline -0.003 -20"><span class='ocrx_word' id='word_1_91' title='bbox 218 2555 345 2632; x_wconf 85' lang='lat' dir='ltr'><strong>Regum,</strong></span> <span class='ocrx_word' id='word_1_92' title='bbox 365 2563 570 2631; x_wconf 88' lang='lat' dir='ltr'><strong>tyrannorum,</strong></span> <span class='ocrx_word' id='word_1_93' title='bbox 590 2564 621 2613; x_wconf 87' lang='lat' dir='ltr'><strong>et</strong></span> <span class='ocrx_word' id='word_1_94' title='bbox 640 2555 738 2613; x_wconf 90' lang='lat' dir='ltr'><strong>virum</strong></span> <span class='ocrx_word' id='word_1_95' title='bbox 759 2553 946 2633; x_wconf 88' lang='lat' dir='ltr'><strong>sapientium,</strong></span> 
     </span>
     <span class='ocr_line' id='line_1_19' title="bbox 217 2649 885 2729; baseline 0.001 -21"><span class='ocrx_word' id='word_1_96' title='bbox 217 2649 514 2727; x_wconf 87' lang='lat' dir='ltr'><strong>Superbientumque</strong></span> <span class='ocrx_word' id='word_1_97' title='bbox 534 2650 641 2727; x_wconf 90' lang='lat' dir='ltr'><strong>opibus</strong></span> <span class='ocrx_word' id='word_1_98' title='bbox 662 2661 692 2708; x_wconf 91' lang='lat' dir='ltr'><strong>et</strong></span> <span class='ocrx_word' id='word_1_99' title='bbox 710 2649 885 2729; x_wconf 82' lang='lat' dir='ltr'><strong>propagine,</strong></span> 
     </span>
     <span class='ocr_line' id='line_1_20' title="bbox 217 2744 848 2824; baseline 0 -22"><span class='ocrx_word' id='word_1_100' title='bbox 217 2744 339 2822; x_wconf 86' lang='lat' dir='ltr'><strong>Suoque</strong></span> <span class='ocrx_word' id='word_1_101' title='bbox 357 2744 462 2822; x_wconf 83' lang='lat' dir='ltr'><strong>gloria,</strong></span> <span class='ocrx_word' id='word_1_102' title='bbox 482 2755 572 2823; x_wconf 89' lang='lat' dir='ltr'><strong>atque</strong></span> <span class='ocrx_word' id='word_1_103' title='bbox 592 2745 688 2804; x_wconf 86' lang='lat' dir='ltr'><strong>forma</strong></span> <span class='ocrx_word' id='word_1_104' title='bbox 707 2745 848 2824; x_wconf 86' lang='lat' dir='ltr'><strong>corporis.</strong></span> 
     </span>
    </p>

    <p class='ocr_par' dir='ltr' id='par_1_10' title="bbox 216 2840 893 3112">
     <span class='ocr_line' id='line_1_21' title="bbox 217 2840 847 2919; baseline 0.002 -21"><span class='ocrx_word' id='word_1_105' title='bbox 217 2840 261 2898; x_wconf 86' lang='lat' dir='ltr'><strong>Et</strong></span> <span class='ocrx_word' id='word_1_106' title='bbox 279 2849 379 2899; x_wconf 85' lang='lat' dir='ltr'><strong>tamen</strong></span> <span class='ocrx_word' id='word_1_107' title='bbox 399 2859 501 2899; x_wconf 90' lang='lat' dir='ltr'><strong>eornm</strong></span> <span class='ocrx_word' id='word_1_108' title='bbox 521 2841 648 2919; x_wconf 90' lang='lat' dir='ltr'><strong>tempori</strong></span> <span class='ocrx_word' id='word_1_109' title='bbox 666 2841 711 2899; x_wconf 91' lang='lat' dir='ltr'><strong>nil</strong></span> <span class='ocrx_word' id='word_1_110' title='bbox 728 2841 847 2900; x_wconf 85' lang='lat' dir='ltr'><strong>restitit</strong></span> 
     </span>
     <span class='ocr_line' id='line_1_22' title="bbox 216 2936 893 3010; baseline -0.003 -15"><span class='ocrx_word' id='word_1_111' title='bbox 216 2937 391 2996; x_wconf 80' lang='lat' dir='ltr'><strong>Communis</strong></span> <span class='ocrx_word' id='word_1_112' title='bbox 411 2946 456 2996; x_wconf 88' lang='lat' dir='ltr'><strong>est</strong></span> <span class='ocrx_word' id='word_1_113' title='bbox 475 2936 532 3010; x_wconf 81' lang='lat' dir='ltr'><strong>Dis</strong></span> <span class='ocrx_word' id='word_1_114' title='bbox 552 2938 690 2998; x_wconf 91' lang='lat' dir='ltr'><strong>omnibus</strong></span> <span class='ocrx_word' id='word_1_115' title='bbox 709 2938 893 2997; x_wconf 82' lang='lat' dir='ltr'><strong>mortalibus.</strong></span> 
     </span>
     <span class='ocr_line' id='line_1_23' title="bbox 218 3031 819 3112; baseline -0.002 -21"><span class='ocrx_word' id='word_1_116' title='bbox 218 3033 295 3106; x_wconf 81' lang='lat' dir='ltr'><strong>Haec</strong></span> <span class='ocrx_word' id='word_1_117' title='bbox 313 3031 438 3104; x_wconf 85' lang='lat' dir='ltr'><strong>intuere,</strong></span> <span class='ocrx_word' id='word_1_118' title='bbox 459 3041 491 3092; x_wconf 89' lang='lat' dir='ltr'><strong>et</strong></span> <span class='ocrx_word' id='word_1_119' title='bbox 509 3032 616 3092; x_wconf 80' lang='lat' dir='ltr'><strong>discito</strong></span> <span class='ocrx_word' id='word_1_120' title='bbox 636 3034 733 3112; x_wconf 83' lang='lat' dir='ltr'><strong>qualis</strong></span> <span class='ocrx_word' id='word_1_121' title='bbox 753 3033 819 3093; x_wconf 91' lang='lat' dir='ltr'><strong>sies.</strong></span> 
     </span>
    </p>
   </div>
   <div class='ocr_carea' id='block_1_7' title="bbox 658 3636 915 3703">
    <p class='ocr_par' dir='ltr' id='par_1_11' title="bbox 658 3636 915 3703">
     <span class='ocr_line' id='line_1_24' title="bbox 658 3636 915 3703; baseline 0.016 -4"><span class='ocrx_word' id='word_1_122' title='bbox 658 3636 915 3703; x_wconf 81' lang='lat' dir='ltr'><strong>PHILEMON.</strong></span> 
     </span>
    </p>
   </div>
   <div class='ocr_carea' id='block_1_8' title="bbox 662 3840 899 3926">
    <p class='ocr_par' dir='ltr' id='par_1_12' title="bbox 662 3840 899 3926">
     <span class='ocr_line' id='line_1_25' title="bbox 662 3840 899 3926; baseline 0.017 -23"><span class='ocrx_word' id='word_1_123' title='bbox 662 3840 690 3905; x_wconf 89' lang='lat'><strong>1.</strong></span> <span class='ocrx_word' id='word_1_124' title='bbox 735 3842 790 3926; x_wconf 84' lang='lat' dir='ltr'><strong>(P.</strong></span> <span class='ocrx_word' id='word_1_125' title='bbox 812 3843 899 3925; x_wconf 76' lang='lat'>154.)</span> 
     </span>
    </p>
   </div>
   <div class='ocr_carea' id='block_1_9' title="bbox 216 3987 939 4360">
    <p class='ocr_par' dir='ltr' id='par_1_13' title="bbox 216 3987 939 4360">
     <span class='ocr_line' id='line_1_26' title="bbox 216 3987 900 4073; baseline 0.013 -28"><span class='ocrx_word' id='word_1_126' title='bbox 216 3987 287 4046; x_wconf 89' lang='lat' dir='ltr'><strong>Non</strong></span> <span class='ocrx_word' id='word_1_127' title='bbox 305 3989 405 4067; x_wconf 85' lang='lat' dir='ltr'><strong>justus</strong></span> <span class='ocrx_word' id='word_1_128' title='bbox 425 3990 520 4050; x_wconf 90' lang='lat' dir='ltr'><strong>omnis</strong></span> <span class='ocrx_word' id='word_1_129' title='bbox 540 3991 690 4052; x_wconf 78' lang='lat' dir='ltr'><strong>abstinens</strong></span> <span class='ocrx_word' id='word_1_130' title='bbox 709 3993 827 4073; x_wconf 87' lang='lat' dir='ltr'><strong>injuriae</strong></span> <span class='ocrx_word' id='word_1_131' title='bbox 847 4005 900 4064; x_wconf 87' lang='lat' dir='ltr'><strong>est,</strong></span> 
     </span>
     <span class='ocr_line' id='line_1_27' title="bbox 218 4082 939 4166; baseline 0.012 -25"><span class='ocrx_word' id='word_1_132' title='bbox 218 4082 278 4141; x_wconf 87' lang='lat' dir='ltr'><strong>Sed</strong></span> <span class='ocrx_word' id='word_1_133' title='bbox 297 4085 350 4162; x_wconf 92' lang='lat' dir='ltr'><strong>qni</strong></span> <span class='ocrx_word' id='word_1_134' title='bbox 370 4106 477 4146; x_wconf 90' lang='lat' dir='ltr'><strong>nocere</strong></span> <span class='ocrx_word' id='word_1_135' title='bbox 497 4107 566 4147; x_wconf 91' lang='lat' dir='ltr'><strong>cum</strong></span> <span class='ocrx_word' id='word_1_136' title='bbox 585 4098 684 4166; x_wconf 91' lang='lat' dir='ltr'><strong>potest</strong></span> <span class='ocrx_word' id='word_1_137' title='bbox 703 4099 776 4150; x_wconf 91' lang='lat' dir='ltr'><strong>tunc</strong></span> <span class='ocrx_word' id='word_1_138' title='bbox 795 4092 939 4152; x_wconf 83' lang='lat' dir='ltr'><strong>abstinet:</strong></span> 
     </span>
     <span class='ocr_line' id='line_1_28' title="bbox 218 4176 914 4262; baseline 0.016 -29"><span class='ocrx_word' id='word_1_139' title='bbox 218 4176 282 4236; x_wconf 89' lang='lat' dir='ltr'><strong>Nec</strong></span> <span class='ocrx_word' id='word_1_140' title='bbox 303 4180 355 4255; x_wconf 92' lang='lat' dir='ltr'><strong>qui</strong></span> <span class='ocrx_word' id='word_1_141' title='bbox 375 4191 491 4240; x_wconf 87' lang='lat' dir='ltr'><strong>recusat</strong></span> <span class='ocrx_word' id='word_1_142' title='bbox 510 4203 612 4261; x_wconf 85' lang='lat' dir='ltr'><strong>parva,</strong></span> <span class='ocrx_word' id='word_1_143' title='bbox 633 4183 685 4243; x_wconf 89' lang='lat' dir='ltr'><strong>sed</strong></span> <span class='ocrx_word' id='word_1_144' title='bbox 705 4185 759 4262; x_wconf 92' lang='lat' dir='ltr'><strong>qui</strong></span> <span class='ocrx_word' id='word_1_145' title='bbox 778 4186 914 4245; x_wconf 87' lang='lat' dir='ltr'><strong>maximis</strong></span> 
     </span>
     <span class='ocr_line' id='line_1_29' title="bbox 218 4275 864 4360; baseline 0.008 -27"><span class='ocrx_word' id='word_1_146' title='bbox 218 4275 364 4334; x_wconf 84' lang='lat' dir='ltr'><strong>Teutatus</strong></span> <span class='ocrx_word' id='word_1_147' title='bbox 384 4279 473 4336; x_wconf 86' lang='lat' dir='ltr'><strong>animi</strong></span> <span class='ocrx_word' id='word_1_148' title='bbox 494 4282 585 4339; x_wconf 88' lang='lat' dir='ltr'><strong>robur</strong></span> <span class='ocrx_word' id='word_1_149' title='bbox 605 4281 750 4340; x_wconf 84' lang='lat' dir='ltr'><strong>invictum</strong></span> <span class='ocrx_word' id='word_1_150' title='bbox 770 4283 864 4360; x_wconf 83' lang='lat' dir='ltr'><strong>gerit:</strong></span> 
     </span>
    </p>
   </div>
   <div class='ocr_carea' id='block_1_10' title="bbox 944 4399 1357 4494">
    <p class='ocr_par' dir='ltr' id='par_1_14' title="bbox 944 4399 1357 4494">
     <span class='ocr_line' id='line_1_30' title="bbox 944 4399 1357 4494; baseline 0.036 -40"><span class='ocrx_word' id='word_1_151' title='bbox 944 4399 1357 4494; x_wconf 64' lang='lat' dir='ltr'><strong>uenenum-rumor]</strong></span> 
     </span>
    </p>
   </div>
   <div class='ocr_carea' id='block_1_11' title="bbox 0 0 1478 5010">
    <p class='ocr_par' dir='ltr' id='par_1_15' title="bbox 0 0 1478 5010">
     <span class='ocr_line' id='line_1_31' title="bbox 0 0 1478 5010; baseline 0 0"><span class='ocrx_word' id='word_1_152' title='bbox 0 0 1478 5010; x_wconf 95' lang='lat' dir='ltr'><strong> </strong></span> 
     </span>
    </p>
   </div>
  </div>
 </body>
</html>
