2990 5010
587 343 828 396 nuunnnun
1208 334 1274 397 143

139 566 141 570 .
195 523 203 554 ¹
224 523 271 582 Ex
291 523 464 586 recensione
479 525 679 586 Meinekiana.
721 528 869 592 “Priores
885 544 994 587 novem
1013 543 1115 584 versus
1131 524 1276 602 leguntur

136 617 225 676 etiam
251 619 334 698 apud
357 620 645 683 Pseudo-Plutarch.
665 623 704 682 de
723 622 826 682 Nobil.
840 622 930 681 «Pom.
948 622 986 678 V.
1007 639 1037 699 p.
1051 618 1119 689 639.
1139 619 1186 678 ed.
1204 619 1274 697 maj.

136 712 311 791 Wyttenb.”
351 717 505 775 Mnrnnrr.

193 834 245 869 ¹“
254 835 346 896 Verte
364 845 449 896 natos
462 839 519 896 es.”
550 837 654 899 Donn.
695 839 742 898 Ita
761 841 852 899 etiam
871 837 962 898 vertit
985 839 1135 916 Interpres
1150 837 1276 896 Latinus

135 929 168 985 in
184 928 334 990 Plutarchi
348 932 395 991 ed.
410 933 513 993 Lutet.
527 935 620 994 Paris.
636 935 720 995 1624.
766 934 908 1004 Clericus,
936 943 1091 1013 poetarum
1118 931 1215 1011 (quod
1235 933 1276 991 ait

136 1024 300 1108 Porsonus)
314 1029 462 1106 pessimus
476 1029 581 1102 editor,
595 1050 752 1109 perperam
763 1031 852 1090 vertit
869 1051 907 1089 es.
948 1029 1088 1088 Menand.
1101 1028 1182 1107 apud
1193 1029 1275 1088 Stob.

137 1121 174 1178 Τ.
190 1121 296 1181 1246.
316 1121 361 1181 ἐπὶ
381 1124 463 1182 τοῦτ’
481 1122 614 1198 ἐγένοντο
633 1124 734 1185 πάντες
754 1123 818 1185 ἔνθα
839 1121 970 1204 λη’ξομεν.
992 1125 1142 1183 natitant.
1161 1124 1215 1182 ubi
1234 1123 1276 1183 ε’ν-

136 1215 192 1274 θάδ’
210 1201 314 1298 {ferrei
328 1221 477 1281 Porsonus
491 1221 619 1281 Advers.
632 1243 663 1302 p.
676 1230 743 1292 290.
763 1231 855 1300 prout
867 1221 963 1281 edidit
977 1221 1156 1290 Meinekius,
1170 1221 1277 1280 collato

138 1313 395 1393 soph.Aj.1asa.
436 1316 513 1388 Quae
534 1317 659 1377 Porsoni
677 1317 855 1386 emendatio,
876 1326 910 1375 ut
926 1315 1055 1385 videtur,
1072 1314 1276 1376 Gaisfordium

137 1408 253 1469 fefellit.

195 1531 206 1560 ³
227 1528 301 1608 (Ὑφ’
318 1529 339 1612 ᾧ
359 1558 393 1591 τε
414 1532 558 1592 διατελεῖν.
601 1535 648 1594 Ita
665 1534 760 1594 solent
772 1535 835 1593 fere
850 1533 955 1603 Attici,
973 1551 1034 1590 non
1047 1532 1119 1592 item
1132 1531 1175 1610 ἐφ’
1193 1531 1215 1613 ᾧ
1233 1559 1276 1606 γε,

137 1635 173 1684 ut
189 1625 282 1704 vulgo
299 1627 409 1688 editur.
448 1628 585 1689 Correxit
601 1630 689 1690 etiam
711 1628 879 1688 Schaeferus
897 1628 936 1686 ad
958 1627 1089 1686 Brunck.
1104 1626 1189 1686 Poes.
1206 1628 1277 1686 Eth.

137 1743 167 1800 p.
185 1730 249 1793 190.
281 1723 343 1782 vid.
357 1725 490 1803 Bergler.
503 1725 542 1784 ad
553 1725 706 1804 Aristoph.
718 1725 797 1784 Plut
810 1731 893 1784 1001.
902 1733 934 1783 et
948 1723 1030 1782 Reiz.
1043 1723 1081 1782 de
1096 1723 1201 1783 Inclin.
1214 1744 1275 1784 acc.

136 1840 168 1898 p.
184 1821 250 1886 273⁹
291 1821 436 1880 Mnrnnn.

196 1945 208 1971 ⁴
228 1947 246 1975 ‘¹
255 1940 472 2002 Pseudo-Plut.
485 1943 646 2023 διευτυχεῖν,
661 1943 744 2021 quod
757 1951 903 2020 sequutus
916 1951 962 2000 est
975 1940 1117 2013 Grotius;
1130 1962 1187 2002 nec
1199 1942 1277 2002 male

137 2035 244 2114 opinor
262 2047 386 2116 propter
406 2037 567 2096 διατελεῖν.”
607 2040 754 2098 Murrina.

198 2160 209 2191 ⁶
227 2156 291 2218 ἔστι
312 2158 368 2239 γάρ
389 2159 445 2235 ἐψ.
465 2159 609 2219 mendose
628 2158 782 2218 Plutarchi
796 2149 863 2218 edd.
878 2159 967 2218 etiam
980 2158 1135 2238 Wyttenb.
1152 2178 1275 2219 consen-

138 2254 282 2313 tientibus
296 2254 401 2314 Morel.
416 2253 534 2315 Hertel.
547 2265 578 2315 et
592 2255 636 2314 H.
649 2253 753 2333 Steph.
786 2251 848 2312 ἔστι
870 2252 925 2334 γάρ
940 2253 966 2311 τ’
983 2251 1038 2328 ἐψ.
1053 2253 1168 2332 primus
1181 2254 1277 2313 edidit

140 2348 272 2408 Grotius.
321 2429 322 2432 Ἴ

197 2469 209 2498 ⁶
229 2469 316 2528 “Pro
344 2477 403 2527 τοῖς
428 2469 525 2528 αὐτοῖς
552 2480 617 2529 erat
642 2472 785 2528 ταυτοΐς.”
824 2470 926 2528 Gno'r.
979 2470 1078 2528 Immo
1103 2476 1162 2526 τοῖς
1182 2468 1277 2527 αὐτοῖς

139 2563 250 2623 diserte
270 2563 414 2642 scriptum
434 2575 480 2624 est
498 2565 581 2642 apud
600 2564 805 2626 Plutarchum.

198 2684 209 2718 ⁷
229 2685 352 2744 Confert
370 2685 413 2744 H.
427 2685 596 2764 Stephanus
613 2684 738 2744 Philem.
752 2685 834 2764 ap'ud
848 2685 930 2744 Stob.
944 2685 981 2744 Τ.
995 2683 1023 2745 6.
1039 2693 1085 2746 18.
1107 2684 1153 2742 σοὶ
1172 2685 1279 2765 (vulgo

140 2778 185 2850 ori,
198 2791 228 2839 et
241 2780 284 2839 810
298 2779 443 2856 Melnek.)
457 2778 512 2860 γᾶρ
528 2783 570 2837 τίς
587 2779 693 2858 (vulgo
712 2806 749 2851 τι,
764 2783 794 2837 τί
810 2781 851 2839 H.
868 2781 971 2859 Steph-
984 2789 1015 2839 et
1028 2781 1176 2859 Melnek.)
1190 2781 1277 2851 ἐστιν,

140 2873 201 2934 εἶπέ
218 2901 275 2948 μοι,
296 2879 459 2956 ταῤῥησία;
482 2875 487 2958 Ι
508 2875 544 2933 ου’
562 2883 655 2933 λαλεῖς
674 2874 704 2933 ἐν
721 2874 906 2956 α’νθροῖποισιν
925 2876 959 2935 eis
984 2875 1127 2958 ἅνθρωπος
1149 2876 1193 2948 adu,
1216 2875 1221 2957 Ι
1241 2877 1281 2935 w*

140 2969 162 3028 δ’
190 2968 258 3028 ὅλον
287 2978 467 3053 περιτατεῒς;
494 2969 513 3041 ἢ
538 2969 590 3029 τόν
617 2969 704 3029 adadu
730 2969 801 3051 α’έρα
823 2970 828 3041 Ι
847 2970 952 3051 ἑτέροις
972 2971 1115 3043 enodarem,
1143 2970 1203 3033 εἶπέ
1220 2998 1279 3047 μοι,

140 3067 271 3124 τοιοῦτος
300 3064 354 3136 ὄνς
384 3067 443 3126 ubi*
465 3065 603 3147 e're'pomw
628 3065 713 3127 ἕλκεις
740 3067 889 3126 Dobraeus
907 3068 1035 3128 Advers.
1049 3069 1086 3127 T.
1102 3068 1145 3126 Il.
1165 3089 1195 3147 p.
1210 3077 1276 3139 289.

139 3163 275 3240 itemque
297 3161 476 3230 Meinekius‚
497 3172 532 3221 ut
551 3163 584 3220 in
603 3162 738 3222 Timocle
754 3163 839 3241 apud
861 3163 973 3222 Athen.
995 3164 1051 3222 IX.
1069 3184 1099 3242 p.
1114 3171 1182 3231 407.
1196 3165 1232 3222 Ε.
1250 3163 1279 3222 ἐν

140 3257 214 3317 αἷσιν
240 3254 323 3332 sidrac
351 3256 415 3316 roris
442 3254 565 3332 κυάμους,
594 3279 650 3337 pro
679 3257 802 3336 vulgato
830 3256 859 3317 ἔν
888 3255 930 3317 αἷς
957 3259 1089 3331 συνῆψας
1118 3283 1146 3315 τ’.
1161 3285 1186 3316 κ.
1220 3258 1278 3318 nisi

140 3362 263 3433 praestat
282 3352 393 3430 (inquit
407 3351 594 3430 Meinekius)
613 3351 642 3410 ἐν
660 3351 701 3410 αἷς
721 3352 757 3410 σύ
777 3351 802 3425 γ’
829 3351 856 3423 ἦ.
881 3379 909 3410 τ.
923 3381 948 3411 κ.
987 3353 1137 3412 Maximus
1156 3353 1276 3431 Tyrius,

141 3449 251 3509 eitanoe
263 3447 369 3507 itidem
382 3448 424 3506 H.
439 3447 606 3528 Stephano:
634 3447 679 3504 nal
697 3446 767 3529 ἀέρα
790 3449 907 3520 ondam,
927 3446 1050 3528 xatlapdv
1067 3446 1112 3505 καὶ
1128 3447 1279 3529 ἐλεύθερον.

141 3543 347 3624 “Respexisse
359 3543 479 3603 videtur
493 3543 658 3602 Menander
670 3543 710 3602 ad
723 3544 878 3623 Euripidis
892 3545 1003 3604 Helen.
1015 3554 1083 3616 912.
1103 3543 1188 3603 κοινός
1200 3544 1280 3605 ἐστιν

141 3639 255 3722 cipando
271 3642 358 3699 πᾶσιν
370 3639 500 3722 βροτοῖς,
518 3639 567 3698 vel
579 3638 679 3698 AEsch.
695 3640 794 3698 Prom.
810 3639 989 3722 109a.a10n*p
1004 3641 1093 3699 roardo
1107 3640 1179 3718 φάος
1193 3645 1278 3700 εἱλίσ-

142 3763 206 3796 σων.
248 3739 408 3816 compares
424 3737 533 3796 salom.
552 3735 629 3813 Reg.
642 3735 718 3794 Vll.
733 3737 761 3796 3.
789 3737 833 3794 aral
852 3735 908 3809 e’poi
928 3731 1071 3811 γενόρενος
1089 3735 1206 3798 donaro
1227 3737 1280 3799 τ6ν

142 3832 233 3891 κοινδν
258 3830 361 3913 α’έρο.”
407 3832 557 3890 Mnrnnu.
603 3829 681 3890 Vide
708 3850 799 3910 supra
822 3832 942 3912 Fragm.
965 3831 1005 3892 V.
1026 3841 1055 3892 4.
1073 3833 1178 3911 ibique
1198 3854 1227 3892 n.
1250 3843 1279 3895 2.

141 3929 252 3988 Confer
265 3929 327 3988 Cic.
341 3935 360 3994 7
372 3927 463 3986 Verr.
475 3934 524 3986 23.
545 3924 727 4005 Supplicium
745 3945 764 3984 ο
784 3925 874 3986 libero
891 3927 997 4008 spiritu
1018 3935 1045 3986 et
1061 3927 1200 3986 communi
1217 3929 1278 3988 luce

139 4022 286 4083 seclusum.
328 4022 375 4081 Id.
388 4029 407 4082 4
421 4022 485 4080 Cat.
500 4029 530 4088 7.
560 4019 703 4098 nosfrui
723 4020 783 4079 vita
797 4029 824 4080 et
840 4022 979 4082 communi
996 4021 1103 4102 spiritu
1116 4030 1204 4101 putat
1222 4045 1277 4084 non

140 4126 278 4200 oportew.
311 4116 441 4191 Quintil.
453 4115 511 4174 VI.
523 4135 648 4193 prooem.
675 4116 787 4174 Auram
800 4136 967 4176 communem
980 4117 1108 4177 hau-rire.
1137 4120 1277 4178 Ceterum

141 4213 417 4285 Cumberlandium,
429 4211 507 4270 sslud
519 4208 728 4291 τραγικώτερον
740 4211 817 4269 adv.
832 4220 860 4282 9.
876 4213 1064 4284 referentem,
1077 4213 1184 4274 merito
1196 4225 1279 4274 urat

142 4308 272 4368 Kiddius
285 4307 372 4368 Praef.
385 4306 425 4367 ad
439 4305 560 4366 Porson.
579 4307 681 4366 Tracts
693 4327 723 4385 p.
736 4305 849 4366 lxxviii.
