2990 5010
595 313 824 374 inlustres.
1215 313 1287 396 157

141 505 171 566 J.
187 507 245 586 B.]
285 511 374 566 καλεῖς
397 507 603 582 πεπλασμένον,
619 507 674 568 Ἂν
694 507 732 581 μοὶ
753 507 806 565 τᾶν
825 507 1028 581 αἶσθησόμενον
1048 506 1068 578 ἦ
1085 505 1177 587 τέχνη
1194 505 1284 588 λάβῃ,

141 602 199 660 Sed
214 603 365 680 quomodo
378 604 526 663 cohaerere
542 604 658 682 possint
676 623 735 662 non
750 603 819 662 satis
837 603 982 682 intelligo,
1000 603 1165 681 praesertim
1188 623 1283 681 quum

139 717 195 756 nec
220 699 347 776 genitivi
374 698 418 757 illi
440 697 601 780 α’νὸριᾶντος
628 700 682 757 ποῦ
707 696 906 771 πεπλασμένον
932 699 1063 757 habeant
1089 718 1150 776 quo
1176 699 1282 758 referri

139 794 264 871 possint.
305 796 383 854 Nam
400 796 500 874 primo
517 795 639 873 quidem
656 806 779 874 aspectu
794 795 880 855 offert
898 815 929 854 se
941 815 1051 854 nomen
1068 793 1180 865 κάλλος,
1200 795 1282 873 quod

139 889 235 967 repeti
258 891 352 968 possit
373 911 389 950 e
410 891 545 970 proxime
566 891 755 969 praecedente
773 910 871 960 versu,
892 889 1031 949 addendo
1051 891 1179 949 verbum
1197 888 1282 948 ἐσπίε

140 985 193 1043 sed
205 1005 266 1044 non
280 986 350 1045 satis
363 985 489 1046 idoneus
503 986 623 1045 vidant
636 987 702 1045 fore
717 1005 830 1056 sensus,
852 986 911 1044 nisi
930 985 1031 1065 aliqua
1051 985 1281 1064 interjiciuntur.

140 1079 272 1152 Quidam
299 1100 371 1140 vero
397 1081 480 1140 aliud
500 1101 609 1140 nomen
630 1081 846 1152 subaudiendo,
873 1081 915 1139 ita
935 1081 1059 1160 interpr.
1088 1080 1152 1140 Nec
1177 1088 1283 1140 statuoe

140 1175 340 1256 affabrrp‘actoe
351 1197 422 1234 usus
436 1185 488 1246 est,
509 1175 568 1234 nisi
583 1185 783 1256 percepturum
801 1175 959 1256 quaepiam
977 1197 1030 1236 ars
1044 1183 1129 1234 nacta
1149 1175 1196 1235 sit.
1237 1178 1283 1236 As

139 1289 196 1346 ego
222 1270 428 1330 subaudiendo
458 1271 560 1348 potius
585 1268 697 1340 κάλλος,
728 1271 894 1348 suspicarer
921 1270 1010 1329 simul
1042 1270 1099 1329 istu
1125 1270 1281 1329 subaudiri

140 1365 259 1438 debere,
277 1365 326 1426 vel
344 1366 445 1445 potins
462 1366 565 1425 deesse
587 1364 655 1442 (aut
667 1374 746 1426 certe
762 1365 862 1443 aliqua
877 1365 943 1424 istis
963 1365 1098 1443 similia.)
1139 1365 1198 1423 Sed
1212 1366 1281 1445 put-

139 1461 210 1519 atara
229 1481 284 1520 aaa
300 1461 479 1520 esistimatar
492 1480 553 1519 esse
572 1459 687 1530 ceritas,
707 1459 837 1540 quoniam
858 1461 921 1538 ejus
936 1459 1120 1539 pulchritudo
1141 1479 1196 1518 non
1210 1480 1282 1538 per-

139 1555 277 1634 spicitur:
299 1555 372 1614 sicat
389 1576 439 1614 nec
455 1555 521 1620 ulla
531 1562 573 1613 est
590 1553 777 1634 pulchritudo
787 1561 892 1614 statuae
907 1555 1048 1632 eleganter
1061 1553 1166 1634 alioqui
1183 1555 1283 1633 effictae

134 1650 188 1727 (ut
200 1649 250 1709 ille
267 1650 341 1710 dicit
355 1647 563 1727 πεπλασμένον)
581 1649 638 1708 nisi
657 1649 683 1709 is
702 1649 752 1730 qai
768 1669 830 1708 earu
844 1649 978 1718 intuetur,
999 1647 1095 1728 aliquo
1106 1647 1137 1706 in
1150 1648 1204 1708 hac
1217 1655 1283 1708 arte

136 1745 276 1824 praeditus
285 1745 322 1804 sit
327 1745 451 1823 judicia.
487 1745 545 1804 Sed
559 1745 713 1813 vocabula,
726 1744 837 1821 quibus
850 1744 955 1813 utitur,
971 1753 1077 1801 sonant
1089 1742 1128 1802 ad
1141 1745 1280 1809 verbum,

141 1839 211 1900 Nisi
229 1861 279 1899 ars
299 1839 441 1920 acceperit
460 1839 511 1920 qai
530 1859 591 1898 eam
609 1839 861 1898 animadversurus
882 1839 920 1897 sit
941 1845 969 1896 et
991 1846 1200 1918 perspecturus.
1242 1839 1281 1897 Id

137 1947 191 2007 est,
213 1931 282 1994 Msi
301 1957 353 1994 ars
373 1943 458 1995 nacta
466 1935 567 2014 suerit
580 1941 774 2014 spectatorem,
794 1932 844 2012 qui
863 1933 926 2012 ejas
940 1932 1134 1993 excellentiora
1147 1934 1280 1993 ani'raad-

139 2039 246 2092 vertere
275 2051 311 2090 aa
338 2030 500 2110 perspicere
521 2029 641 2110 possit?
691 2037 709 2064 “
723 2029 852 2088 Memini
866 2028 950 2086 ¹olim
981 2027 1148 2087 Porsonum
1174 2029 1282 2088 audire

139 2127 287 2187 dicentem
310 2125 492 2185 versiculum
515 2125 567 2185 hic
593 2124 748 2195 excidisse,
770 2125 824 2184 tali
852 2125 916 2184 fere
943 2125 1032 2183 modo
1059 2125 1279 2203 supplendum:

139 2221 198 2280 oir’
221 2220 324 2300 ὄφελός
345 2220 408 2281 ἔστ’
427 2219 483 2278 οὐδ’
504 2219 532 2280 εὖ
553 2218 741 2300 γεγραμμένης
761 2221 881 2300 γραφῆς.
923 2220 1001 2279 Vide
1025 2219 1131 2280 Tracts
1150 2242 1179 2299 p.
1193 2223 1281 2282 255?

139 2320 315 2378 Gurssonn.
356 2318 409 2376 ubi
430 2314 489 2374 οὔτ’
511 2316 615 2394 ὄφελος
639 2315 715 2376 ον’δέν
739 2316 860 2376 exhibet
884 2315 1027 2388 Kiddius,
1050 2327 1194 2394 notatque
1216 2318 1281 2377 Do-

137 2418 255 2476 braeus:
276 2415 354 2475 “De
374 2412 450 2472 οιῖδέν
473 2413 662 2473 subdubito.”
702 2413 812 2492 Eurip.
829 2413 936 2491 OEdipi
954 2413 1076 2491 Fragm.
1092 2415 1174 2492 apud
1197 2415 1281 2474 Stob.

140 2511 176 2570 Τ.
191 2510 238 2572 66.
256 2520 281 2570 l·
303 2511 326 2568 si
354 2531 424 2569 sana
445 2520 492 2568 est
510 2509 617 2568 lectio:
645 2507 721 2572 odiis
741 2535 769 2566 τι
791 2510 843 2578 πῆς
865 2506 1015 2589 εὖμορφίας
1038 2506 1046 2588 l
1069 2507 1183 2585 ὄφελος,
1207 2508 1282 2569 ὅταν

138 2631 179 2664 τις
201 2605 241 2679 pri
264 2603 366 2685 φρένας
391 2603 478 2662 sandi
503 2602 569 2686 ἔχῃ.
608 2603 690 2662 Vide
714 2615 746 2662 et
772 2624 863 2682 supra
887 2605 1005 2680 Fragm.
1021 2603 1045 2661 l·
1067 2611 1112 2664 15.
1152 2603 1235 2663 “Vs.
1250 2613 1280 2664 4.

137 2702 244 2779 merito
256 2700 381 2760 offendit
394 2699 575 2778 Stephanus,
595 2699 672 2757 nibil
692 2708 791 2758 tamen
813 2700 879 2777 opis
894 2697 1029 2758 afferens.
1068 2698 1192 2776 Synaxi
1211 2700 1281 2778 qui·

137 2797 206 2855 dem
229 2797 271 2856 ita
296 2794 436 2855 facillime
462 2814 547 2852 suam
569 2793 711 2852 restitues
732 2794 893 2852 rationem:
917 2791 971 2850 οὐδ’
993 2789 1151 2870 ἀνδριάντες
1178 2794 1233 2875 γαρ
1254 2821 1281 2852 κ.

138 2888 338 2963 πεπλασμένα.
379 2887 535 2949 Excidisse
559 2908 689 2957 versum,
711 2888 799 2967 cujus
816 2887 885 2946 haec
903 2888 966 2946 fere
992 2887 1085 2956 fuerit
1112 2891 1281 2954 sententiaa

138 2984 198 3044 οὔτ’
227 2985 331 3063 ὄφελος
362 2982 437 3042 οὐδὲν
467 2981 496 3042 ei
526 2982 714 3062 γεγραμμένης
742 2987 863 3062 γραφῆς,
884 2982 1006 3062 conjicit
1025 2983 1149 3042 Porson.
1174 2984 1203 3042 T
1202 2999 1281 3044 ructu

137 3104 167 3161 p.
181 3089 248 3142 255.
269 3099 452 3159 quamquam
468 3100 506 3139 ne
524 3079 567 3138 sic
584 3078 707 3156 quidem
727 3078 918 3157 perspicitur,
934 3099 1001 3156 quae
1013 3078 1123 3136 horum
1136 3098 1279 3139 versuum

137 3198 205 3237 cum
228 3177 363 3256 priorum
385 3175 529 3233 sententia
550 3193 615 3232 esse
635 3175 731 3252 possit
751 3174 937 3253 conjunctio:
963 3173 1023 3234 Nec
1040 3173 1134 3252 pictor
1154 3194 1204 3232 nec
1218 3181 1280 3232 sta·

136 3269 260 3341 tnarius,
284 3269 392 3350 qualem
419 3266 527 3327 veritas
554 3267 645 3336 habet,
669 3267 891 3347 pulcritudinem
908 3267 1042 3344 finxerit.
1085 3267 1164 3325 Nam
1190 3288 1281 3348 neque

134 3369 257 3449 pictura
278 3386 365 3448 neque
381 3372 486 3426 statuae
505 3365 579 3422 ullus
598 3373 640 3423 e'st
650 3363 783 3442 fructas,
806 3364 863 3424 nisi
879 3362 1016 3422 invenerit
1033 3384 1094 3433 ara,
1113 3363 1160 3443 qui
1182 3361 1282 3442 operis

133 3462 332 3543 prestantium
349 3459 455 3535 sentiat
476 3467 560 3537 atque
580 3457 729 3536 intelligat.
771 3457 901 3516 Videant
917 3457 997 3514 ariis*
1035 3459 1190 3516 Mutunus.

679 3733 746 3798 ΙΙΙ.

237 3923 280 3994 Oi
311 3920 497 4021 φιλόσοφοι
525 3917 691 4018 ζητοῦσιν,
723 3917 764 3990 als
792 3915 924 4000 ἀκήκοα,

237 4043 313 4138 napi
339 4039 441 4112 τοῦτό
466 4037 495 4109 pr
517 4037 661 4112 εἀνςοῖς1
688 4033 805 4112 πολνς2
828 4033 1028 4105 ἀναλοῦται3
1051 4031 1179 4129 χρόνος,

237 4162 272 4228 ri
294 4157 386 4230 ἔστιν
410 4153 540 4248 ἀγαθόν
551 4159 572 4196 ⁴·
597 4147 687 4226 acide*
711 4157 754 4224 eis
779 4147 892 4252 riparii
917 4181 968 4220 πω

237 4277 272 4343 ri
297 4271 401 4346 ἔστιν·-
427 4271 547 4366 ἀρετὴν
572 4270 623 4341 sai
650 4265 813 4368 φρόνησῖν
838 4273 937 4364 φασι,
961 4273 1015 4334 καὶ
