3060 5030
180 305 201 372 6
345 321 599 373 conmonuit
632 321 872 373 onncoaun
904 321 1173 372 annonarum.

180 502 330 580 Equidem
347 502 504 563 lectionem
520 503 733 562 Poraonianam
752 503 839 563 unice
856 522 957 562 veram
973 521 1037 561 esse
1055 520 1168 560 censeo.
1210 499 1319 559 Sensim

180 606 227 657 est
246 597 337 676 Angl.
360 598 420 657 ond
441 597 487 657 isis
508 619 586 658 wear
605 597 665 658 ond
684 605 749 656 teor
766 597 792 656 is
811 597 860 656 bot
880 597 962 668 little,
981 597 1010 655 h.
1025 618 1051 657 e.
1072 596 1132 654 ond
1152 595 1187 654 le
1207 595 1262 654 los
1280 615 1318 654 on

179 713 248 775 easy
269 695 356 775 ploce
380 693 419 774 ff
438 695 468 755 il.
522 695 564 754 Et
592 694 723 774 pertinet
748 693 880 754 clausula
906 695 945 753 ad
970 693 1159 753 assentatoris
1187 691 1320 770 pedisse-

180 806 279 864 quam,
306 807 366 846 non
391 787 521 847 alienum
544 799 670 859 tantum,
694 788 726 846 id
749 788 831 867 quod
858 787 967 868 saepiue
994 788 1050 865 (ed
1075 784 1188 864 eamd)
1209 786 1320 854 evenit,

180 882 286 942 sedet
312 882 461 961 siquidem
487 903 576 944 snum
601 885 757 964 proprium
785 895 890 944 nactus
916 883 964 944 sit
1011 886 1129 964 Nempe
1154 883 1244 942 herus
1269 881 1321 941 ille

179 965 325 1052 διομψδι
338 976 377 1037 de
389 975 540 1049 facilitate,
554 990 584 1039 et
601 978 798 1058 indulgentia,
813 1000 873 1059 qua
888 981 1044 1058 utriusque
1055 978 1173 1058 generis
1187 977 1320 1038 servulos

179 1074 333 1143 tractabat,
352 1073 517 1151 generatim
539 1075 691 1154 loquitur3
717 1075 829 1155 alioqui
851 1076 931 1155 perit
953 1075 1108 1136 sententia
1127 1076 1181 1134 vis.
1220 1073 1321 1133 Locus

179 1178 289 1238 autem,
310 1177 401 1247 prout
416 1169 454 1228 ab
474 1170 649 1229 Hermanno
664 1171 775 1248 legitur
792 1179 822 1230 et
839 1172 1008 1250 exponitur,
1024 1169 1252 1250 frigidiusculus
1264 1179 1319 1237 est,

179 1273 210 1322 et
234 1261 311 1321 nibil
337 1264 490 1323 sententiaa
515 1264 608 1335 addit,
635 1284 693 1324 nec
720 1266 875 1345 exemplis,
901 1266 983 1344 quod
1008 1266 1048 1325 ad
1072 1266 1180 1325 (iresca
1203 1264 1320 1334 attinet,

176 1357 264 1418 facile
289 1357 475 1419 defendetur.
525 1359 604 1421 Cum
632 1361 764 1420 Poraono
787 1362 861 1422 facit
885 1361 962 1421 illud
989 1361 1093 1440 Eurip-
1121 1361 1228 1440 Suppl.
1253 1369 1320 1430 719.

179 1452 242 1510 ἀλλ’
262 1450 350 1533 ᾤχετ’
369 1459 403 1512 eir
424 1453 462 1511 τδ
481 1453 583 1528 κάμνον
602 1461 701 1514 ciceion
720 1458 861 1537 στρατοῦ.

258 1566 269 1595 ⁴
289 1573 309 1600 “
321 1589 392 1648 χαρ.
419 1563 541 1638 τούτοιν,
569 1592 633 1639 μετ.
659 1568 761 1645 vulgo,
788 1592 820 1648 χ.
849 1566 965 1624 τούτοιν
989 1566 1037 1625 οὖν
1060 1593 1089 1639 μ.
1117 1567 1201 1626 Grot-
1227 1566 1320 1626 Exco.

178 1682 209 1740 p.
223 1668 291 1721 501.
311 1672 342 1720 et
363 1661 460 1722 Lucas
479 1661 498 1722 l.
519 1662 539 1720 l.
561 1663 683 1722 meliora
709 1662 870 1732 Poraonus,
896 1660 1098 1732 Hermannus,
1123 1673 1153 1723 et
1177 1664 1219 1722 ita
1243 1662 1320 1722 Din-

179 1756 291 1817 dorfins
317 1755 421 1817 edidit
473 1758 701 1818 Dubitationem
727 1768 827 1818 tamen
856 1768 957 1817 movet
982 1769 1192 1837 argumentum
1219 1759 1320 1829 Lucoe,

179 1852 322 1932 parasitos
336 1852 397 1912 duo
409 1853 499 1932 pallia
512 1868 613 1914 aecum
625 1873 686 1913 non
698 1865 840 1932 portasse.
880 1853 1028 1914 Praeterea
1040 1864 1155 1914 constat
1167 1876 1184 1916 e
1197 1854 1321 1914 Polluce

180 1946 236 2008 IV.
255 1955 300 2007 18.
319 1956 463 2018 119.120.
486 1949 629 2028 parasitos
646 1947 768 2008 indutos
786 1948 879 2008 fuiste
895 1945 994 2018 ε’σθιῖτι
1014 1953 1128 2030 μελαίνῃ
1148 1948 1167 2018 ἢ
1187 1953 1267 2028 φαιᾷ,
1289 1959 1322 2008 et

179 2045 211 2103 in
232 2044 369 2103 manibus
387 2055 519 2123 gestasse
539 2043 695 2118 στλεγγίδα
716 2044 759 2101 roi
779 2041 920 2114 λήκυθον.”
962 2044 1112 2105 Rasna.

257 2157 267 2186 ⁸
288 2163 309 2189 “
322 2155 395 2214 cidiis
409 2155 471 2236 περὶ
487 2157 591 2213 τοῦτον
608 2159 667 2228 εἶμί.
712 2155 740 2214 V
736 2155 775 2213 t'le
778 2158 817 2235 je
829 2155 921 2215 suisd
935 2175 981 2216 ses
993 2161 1075 2216 ωίέε.
1116 2155 1321 2218 Villebrune·”

179 2251 332 2310 Wanron.
359 2251 516 2330 Ergasilus
530 2252 676 2331 parasitus
689 2251 727 2312 de
741 2251 838 2331 seipso
850 2251 933 2332 apud
947 2251 1044 2312 Plaut,
1058 2251 1145 2332 Gapt
1156 2251 1215 2312 111.
1232 2263 1258 2314 1.
1275 2261 1319 2314 18.

179 2347 315 2427 Namque
326 2355 358 2407 ut
370 2347 477 2406 dudam
491 2347 560 2406 leisc
576 2346 647 2418 obii,
668 2347 777 2408 accessi
794 2347 834 2408 od
854 2347 1050 2408 adulescentes
1068 2347 1099 2407 io
1108 2346 1200 2427 soro:
1224 2347 1231 2430 Ι
1251 2349 1321 2409 Sol-

178 2449 247 2512 oete,
265 2441 391 2523 inquom.
420 2439 484 2509 Quo
496 2442 571 2502 imos
583 2463 642 2502 ιιιιιι
656 2441 697 2502 od
710 2443 898 2523 proredium?
923 2443 975 2504 sic
988 2443 1179 2504 scribendum
1191 2443 1320 2504 videtur.

178 2538 297 2616 Vulgo:
313 2536 390 2596 Nam
404 2547 435 2597 et
449 2535 514 2603 Quo
525 2537 600 2596 imos
612 2557 682 2609 aaa,
695 2537 823 2618 inquom,
840 2559 870 2598 o.
880 2559 914 2618 p.
954 2539 1068 2598 [ocum
1081 2537 1227 2598 indicarit
1239 2539 1321 2598 Wal-

178 2632 286 2711 polins.
314 2632 424 2692 Confer
439 2641 540 2692 antem
556 2632 679 2692 omnino
696 2633 766 2692 Ter.
784 2631 863 2692 Eun.
879 2632 921 2691 ΙΙ.
937 2641 1025 2701 2.17.
1052 2631 1107 2690 Est
1121 2651 1215 2712 genos
1231 2631 1320 2692 loeti·

179 2749 255 2799 num,
276 2728 326 2808 qui
339 2749 400 2788 esee
410 2729 520 2808 primos
531 2749 562 2788 se
574 2729 698 2789 cossium
712 2749 807 2788 rerem
821 2729 926 2800 colum,
944 2727 951 2808 Ι
970 2749 1021 2789 aec
1035 2737 1120 2788 sart:
1142 2728 1194 2790 lsos
1206 2750 1321 2790 consec-

178 2831 243 2884 tor:
258 2822 398 2902 lisceego
411 2843 554 2903 coepero
567 2843 610 2882 me
622 2831 653 2882 at
668 2821 800 2882 rideant:
817 2823 822 2902 Ι
836 2823 887 2882 sed
898 2822 945 2882 lis
957 2821 1034 2882 ultro
1045 2822 1172 2893 arrideo,
1185 2831 1212 2882 et
1225 2843 1321 2884 eoram

178 2915 297 2996 ingenio
310 2914 440 2977 &miror
452 2915 545 2976 simol.
562 2913 569 2997 Ι
584 2914 731 2997 Quicquid
743 2915 851 2988 dicunt,
868 2915 976 2977 taudoe
993 2917 1024 2976 id
1036 2937 1153 2976 rursm
1166 2918 1193 2976 si
1205 2925 1319 2998 agant,

178 3012 266 3073 laudo
278 3011 439 3094 idqnoqae.
463 3013 468 3092 Ι
489 3012 587 3093 Negat
601 3011 692 3100 quisi?
711 3033 802 3093 nego.-
831 3011 907 3072 Μ
926 3010 992 3072 oio:
1012 3018 1164 3091 postremo,
1181 3011 1322 3094 imperavi

180 3113 284 3186 egomet
297 3104 376 3177 milti,
392 3105 505 3189 {omnia
519 3106 667 3168 &reatori
675 3131 686 3166 .·
701 3107 868 3189 taqueum
881 3128 957 3168 neoc
970 3115 1011 3168 est
1026 3107 1112 3168 modo
1124 3107 1293 3170 aberrem

256 3208 268 3239 ⁸
287 3208 414 3269 Locutio
428 3210 599 3270 Homerica.
620 3211 656 3270 ll.
669 3213 704 3269 Λ.
715 3211 782 3271 486.
802 3209 896 3291 Tpsier
909 3209 939 3270 di
951 3209 1096 3292 διέτρεσαν
1107 3211 1215 3272 ἄλλυδις
1224 3211 1321 3272 ἄλλος.

179 3299 260 3362 unde
273 3303 467 3381 corrigendus
481 3314 527 3364 est
540 3303 671 3383 Etymol.
684 3303 770 3383 Mag.
784 3303 816 3362 in
823 3301 961 3364 Ἀλλυδιι.

256 3417 308 3452 ¹“
321 3417 368 3478 De
388 3415 541 3488 Acestem,
563 3417 611 3478 cui
631 3419 774 3478 barbaros
795 3417 907 3478 natales
930 3417 1090 3498 (Brunclrii
1114 3419 1214 3478 verbis
1236 3423 1320 3500 utor)

179 3524 209 3575 et
228 3511 472 3593 peregrinitatem
492 3514 712 3592 exprobrabant
731 3512 855 3583 Comici,
877 3513 947 3575 vide
967 3513 1085 3575 Scholia
1107 3513 1146 3574 sd
1165 3514 1322 3596 Aristopb.

181 3610 271 3689 Vesp.
287 3617 371 3670 1221.
391 3619 423 3667 et
441 3607 501 3668 Av.
516 3610 580 3670 315·
619 3609 773 3669 Wanron.

258 3733 269 3762 ⁸
289 3730 459 3810 “Egregia
483 3740 529 3790 est
551 3730 677 3790 Poraoni
699 3731 877 3792 emendatio.
917 3729 1024 3790 Verbis
1046 3731 1203 3810 ipsissimis
1225 3733 1321 3794 utitur

182 3829 306 3908 Eupolis
323 3829 355 3888 in
373 3829 604 3909 Προηαλτίοιις
626 3827 695 3888 vide
712 3827 811 3888 Schul.
829 3829 867 3888 ad
881 3825 1035 3906 Aristopb.
1048 3827 1138 3909 Vesp·
1152 3838 1201 3899 57.
1239 3829 1321 3892 Neo-

180 3943 241 3984 non
264 3925 407 4004 Myrtilus
433 3925 465 3985 in
488 3925 591 3986 fabula
615 3925 664 3986 cui
690 3924 796 3984 titulus
823 3923 1039 4002 Titanopanes3
1067 3925 1112 3985 uti
1138 3945 1176 3986 ex
1201 3927 1320 4008 Aspasii

181 4021 400 4082 commentariis
421 4021 461 4082 ad
484 4019 675 4082 Aristotelem
697 4019 842 4080 indicarit
866 4019 952 4079 nobis
976 4019 1032 4078 Vir
1054 4019 1134 4082 idem
1156 4023 1321 4084 eruditiori.

181 4115 275 4174 mns”
313 4113 464 4176 Waaron.
504 4117 603 4176 Antea
615 4125 754 4196 corrupte
767 4114 937 4192 legebatur:
960 4111 1145 4190 εἶπαιέλεγει
1158 4117 1320 4191 valiae-m.

182 4209 259 4270 Vide
281 4210 406 4270 Perconi
428 4211 555 4273 Advera.
572 4232 602 4291 p.
621 4219 667 4282 79.
705 4209 794 4270 Kidd.
814 4209 853 4269 ad
872 4209 988 4270 Dares.
1010 4211 1095 4272 Mire.
1114 4210 1187 4272 Crit.
1209 4234 1238 4292 p.
1253 4221 1320 4276 523.

183 4308 321 4368 Ceterum
335 4305 412 4368 hanc
426 4307 550 4370 Poraoni
564 4306 799 4370 emendationem
812 4304 882 4366 olim
895 4307 1108 4388 exscripseram
1119 4308 1320 4384 (Adversariis
