2948 5010
148 342 150 352 r
234 290 302 367 ¹illl)
588 309 817 363 vsasrouss
839 310 1013 360 usurum-2

235 487 336 548 Situm
357 491 426 550 mali
446 503 531 552 esset.
555 503 592 551 at
607 495 660 572 qui
683 491 767 553 ducit
790 492 922 562 alteram,
972 493 973 496 ’
1000 512 1004 519 ’

237 582 276 641 In
295 593 395 642 notam
413 598 527 665 pestem
547 607 578 646 se
599 588 728 647 irretivit
744 588 852 646 denuo.
911 587 913 594 '

239 803 336 862 Malus
357 806 433 865 male
455 818 565 885 pereat,
590 801 738 867 secundus
760 806 999 886 qui'mortalium

237 919 359 958 uxorem
383 901 485 960 duxit:
513 924 583 974 nam
606 901 657 982 qui
679 893 804 980 primus,
827 902 868 959 nil
889 902 1048 980 peccavit..

234 990 305 1054 Nec
326 995 398 1054 dum
418 997 496 1055 enim
520 999 569 1058 ille
589 1004 715 1074 *noverat
734 993 879 1076 quantum
899 1007 976 1057 esset
994 996 1114 1064 malum,

238 1111 367 1150 uxorem*
381 1091 499 1152 habere.
541 1095 584 1152 At
605 1088 658 1172 qui
681 1087 852 1172 posthunc
876 1089 971 1160 duxit,

239 1185 270 1241 in
289 1196 389 1243 notam
410 1199 522 1264 pestem
540 1209 673 1267 praeceps
691 1189 716 1247 is
737 1185 864 1266 projecit
880 1210 919 1247 se.
1139 1253 1142 1258 .

807 1267 809 1272 i
1111 1281 1314 1338 Seuwrsrorr.

685 1437 730 1500 11.
776 1437 831 1521 (P.
848 1438 915 1517 61.)

697 1598 910 1676 Pythagorista.

234 1720 281 1792 'At
300 1739 398 1779 nonne
415 1719 483 1797 jure
503 1741 538 1778 ac
557 1720 663 1778 merito
683 1719 721 1777 de
746 1718 892 1777 sententia
963 1772 965 1777 .

239 1816 430 1876 Consentium
449 1816 583 1876 Deorum
603 1815 783 1874 damnatu'st
802 1815 931 1872 Amor¹?

239 1913 319 1970 Nam
339 1912 496 1972 seditiones
517 1924 606 1990 atque
628 1911 758 1970 turbelas
781 1910 871 1968 dabat

239 2007 342 2086 Vitam
362 2008 423 2069 illic
443 2009 566 2086 agitans.
593 2027 665 2086 ergo
687 2027 756 2066 cum
772 2016 850 2065 esset
867 2025 1016 2083 arrogans,

240 2104 407 2173 Confidens,
430 2103 490 2161 alas
513 2123 607 2181 puero
627 2102 751 2180 praecidi
765 2103 883 2179 jubent,

239 2201 354 2277 Nempe
374 2197 411 2257 ad
432 2199 564 2257 coelestes
584 2217 621 2256 ne
640 2217 774 2275 unquam
793 2196 939 2255 revolaret
957 2195 1070 2252 domos.

240 2295 283 2354 Et
301 2296 343 2354 sic
363 2315 433 2354 eum
453 2294 491 2353 ad
516 2279 570 2352 nos
591 2293 774 2352 demiserunt
796 2292 944 2351 exsulem:

238 2392 311 2450 Alas
334 2411 408 2469 quas
431 2389 543 2456 habuit,
565 2388 711 2447 dederunt
728 2387 780 2446 has
802 2387 943 2446 Victoria

240 2486 397 2554 Ferendus,
420 2485 547 2563 spolium
567 2505 604 2544 ex
627 2485 710 2543 hoste
727 2494 865 2560 superato
884 2483 1027 2541 inclitum.

1191 2575 1304 2636 Geor.

583 2785 586 2790 .
675 2731 740 2795 111.
785 2732 839 2817 (P.
858 2731 924 2810 m.)

698 2889 914 2971 Pythagoristu.

240 3003 277 3062 Α.
299 3003 446 3063 Narrabat
466 3015 650 3062 mortuorum
671 3024 739 3063 eum
762 3003 899 3061 intrasset
913 3002 1049 3068 domos,'

242 3099 288 3158 lbi
312 3099 444 3178 singulos
464 3098 582 3167 vidisse,
603 3111 633 3157 at
650 3099 777 3157 multum
799 3120 818 3157 a
830 3097 943 3157 materis

242 3193 368 3254 Differre
393 3194 623 3273 Pythagoristas.
650 3213 719 3252 nam
743 3194 845 3252 Ditem
868 3204 983 3271 patrem

242 3290 307 3349 Hos
327 3290 382 3349 sibi
403 3300 549 3367 perpetuo
568 3289 746 3367 coepulones
769 3308 893 3356 sumere,

243 3386 362 3447 Pietatis
383 3407 463 3464 ergo.
505 3386 537 3444 B.
559 3385 687 3444 Facilem
709 3405 918 3444 commemoras
938 3385 1046 3450 Deum,

241 3482 303 3556 Qui
324 3481 451 3541 oblectet
471 3480 657 3539 sordidorum
679 3499 710 3538 se
729 3479 912 3538 commercio.

683 3727 742 3790 lV.
788 3728 843 3814 (P.
860 3727 926 3808 63.)

703 3881 918 3961 Pythagorius.

244 4013 293 4072 ltu
314 4013 355 4072 nil
379 4011 557 4072 vescendum
580 4021 609 4070 et
630 4009 812 4070 tolerandam
834 4011 1014 4088 esuriginem

244 4109 298 4170 Est
318 4108 516 4186 Tithymallus
537 4108 610 4166 alter
631 4119 682 4166 aut
706 4107 904 4186 Philippides:

433 4261 438 4290 ¹
455 4261 604 4330 δακρύει
620 4261 691 4324 {eolo
706 4263 818 4310 exclusus
833 4263 881 4324 est]
899 4265 932 4310 Α.
958 4261 1095 4324 Sohs‘eigh.

1157 4347 1373 4434 [Ammonos.
