2990 5010
589 325 830 386 nnnannnn.
1216 317 1281 380 145

141 507 224 585 apud
241 507 323 567 Stob.
339 508 432 568 Serm.
454 531 483 588 p.
503 517 568 580 591.
590 510 700 569 Gesn.:
735 515 852 567 πολλοῖς
877 509 1000 583 ἐμαυτόν
1022 510 1163 583 ε’γκνλῖσαι
1190 508 1283 588 npa'q'-

140 605 250 673 μασιν.”
283 603 431 661 Mummi.
473 604 551 663 Vide
564 625 656 683 supra
670 603 857 664 Pheneoratis
870 605 990 682 Fragm.
1002 604 1027 663 Ι.
1038 604 1065 664 6.
1079 604 1183 683 ibique
1195 623 1225 662 n.
1235 613 1262 666 5.

202 731 223 762 ¹⁴
243 733 376 811 “Vulgo
396 733 439 792 ita
459 731 560 794 editur
582 733 622 792 ‘roi
642 736 684 792 νῦν
702 733 723 792 δ’
738 731 803 793 ἔστι
821 760 850 806 μ.
868 733 912 791 κα1
926 733 964 791 τά
977 760 1023 791 σοι
1038 732 1117 792 κακά.
1158 732 1282 791 Plurimi

141 837 241 886 amen
260 827 330 887 nm
352 827 405 886 ..ιΙ
422 827 462 887 ..ι
481 815 632 889 omittunt.
666 830 752 892 oros.
767 828 851 889 dedit
872 828 913 888 ..ι
933 829 977 888 ο.
997 829 1018 886 s
1035 826 1076 898 n·
1092 827 1155 889 ε...
1168 853 1198 902 μ.
1215 854 1242 886 ...
1258 855 1282 886 ..

144 915 294 985 hleziriae.
316 931 401 983 ταννν
423 925 454 984 δὲ
472 924 563 1007 μέτρι’
578 925 644 985 ἐστι’
663 952 708 984 σοι
730 925 809 984 κακά.
849 926 1000 1004 Equidem
1015 926 1111 985 Bentl.
1124 945 1154 1004 p.
1168 933 1215 995 99.
1236 945 1283 983 ra-

140 1018 252 1078 tionem
276 1031 421 1097 sequutus
442 1042 517 1080 sum.
557 1021 698 1080 Ceterum
719 1020 841 1080 adverte
863 1018 1111 1099 negligentiorem
1130 1031 1281 1079 construo-

140 1113 383 1184 tionisnationem
397 1113 457 1174 οὔτ’
469 1112 739 1178 denhem—w*
754 1115 805 1174 vovi
821 1114 843 1172 δ’
857 1113 928 1175 ἔστι.
965 1116 1013 1175 Ex
1027 1114 1162 1174 Homero
1175 1114 1284 1174 similia

140 1208 241 1267 attulit
264 1206 369 1269 Herm.
390 1210 429 1271 ad
450 1211 566 1289 Hymn.
583 1211 616 1268 in
634 1211 700 1269 Cer.
722 1217 787 1271 153.
814 1210 852 1271 cf.
874 1209 1014 1270 Schaefer.
1032 1209 1070 1268 ad
1092 1210 1218 1288 Dionys.
1244 1209 1281 1270 de

141 1297 174 1361 C.
189 1302 228 1362 V.
241 1324 271 1382 p.
287 1313 334 1364 31.
373 1305 468 1384 Apud
481 1307 604 1365 Latinos
617 1304 693 1363 nihil
706 1304 832 1364 tritius.”
864 1305 1017 1364 Mumun.
1056 1302 1148 1375 Quod
1161 1303 1283 1383 conjicit

142 1399 293 1460 Maziriac.
314 1410 410 1460 metro
433 1402 485 1461 vix
508 1400 659 1460 satisfacit
699 1398 841 1458 Ceterum
859 1401 945 1458 τανῦν
957 1400 1116 1479 conjuncte
1132 1399 1281 1460 Plutarch.

141 1493 187 1558 ed.
202 1494 302 1554 Lutet.
318 1496 409 1556 Paris.
426 1496 510 1558 1624.
531 1495 636 1556 Morel.
653 1494 767 1554 Hertel.
782 1505 813 1554 et
828 1495 868 1554 H.
883 1495 986 1574 Steph.

200 1615 223 1646 ¹⁶
243 1616 456 1678 “Particulam
477 1615 511 1688 δῆ
529 1615 652 1695 plurimi
675 1615 745 1673 libri
769 1615 930 1686 omittunt;
959 1637 987 1674 v.
1008 1615 1281 1694 Wyttenbachium.

143 1709 228 1769 Grot.
249 1710 348 1771 dedii:
377 1712 410 1770 uis
436 1710 577 1786 α’ναμέσον
592 1710 703 1789 [immo
716 1708 771 1766 (iuti
792 1707 879 1783 μέσον
897 1711 928 1773 J.
943 1709 1000 1790 R]
1028 1737 1083 1768 που
1105 1709 1150 1769 καὶ
1176 1711 1214 1768 no*
1239 1714 1283 1770 νῦν

142 1808 244 1863 λυποῦν
270 1805 347 1887 φέρε,
371 1828 500 1886 presens
518 1805 623 1866 molum
644 1804 818 1864 mediocriter
824 1803 915 1882 serre
935 1813 963 1864 ta
985 1805 1070 1865 decet.
1109 1797 1206 1885 Atqui
1228 1833 1282 1865 που

86 1953 89 1958 .
142 1899 261 1976 legitur,
288 1921 347 1961 non
373 1929 439 1964 nus·
471 1903 560 1982 [Non
583 1899 718 1978 expedio.
732 1899 763 1961 J·
778 1899 835 1977 Β.]
857 1901 954 1959 Bentl.
982 1899 1016 1958 oia
1043 1899 1200 1974 τᾶναμέσον
1227 1928 1281 1961 που

143 1997 186 2053 καὶ
212 1996 251 2054 vo*
275 1998 376 2057 λοιπᾶν
401 1997 431 2058 εὖ
455 1996 534 2079 φέρε,
561 1997 643 2076 quod
670 2006 815 2074 sequutus
841 2006 886 2054 est
913 1995 1093 2068 Brunokius,
1117 2006 1197 2057 recte
1223 1998 1279 2056 im-

142 2094 287 2169 probante
311 2093 550 2173 Wyttenbachio.
591 2091 700 2150 Mezir.
725 2089 767 2148 δεῖ
789 2089 889 2172 φέρειν.
937 2091 1010 2151 cod.
1034 2091 1129 2152 Perit.
1161 2091 1229 2150 ὥστ’
1247 2091 1283 2151 ἂν

140 2184 227 2259 μέσον
243 2213 296 2245 που
316 2192 360 2246 καὶ
376 2188 428 2246 τᾶν
445 2185 545 2246 homin
562 2183 639 2268 φέρε,
656 2185 737 2244 unde
752 2185 946 2264 probabiliter
964 2186 1117 2265 Wyttenb.
1137 2187 1280 2266 conjecit:

142 2282 212 2340 ὅστ’
236 2283 376 2357 α’ναμέσον
395 2311 450 2343 που
472 2285 516 2343 καὶ
540 2283 575 2342 σι)
594 2283 651 2341 τῶν
674 2283 779 2341 λοιπῶν
800 2279 886 2363 φέρει,
906 2283 998 2342 media
1017 2283 1140 2362 qttadam
1152 2281 1279 2362 fortuna

143 2378 216 2437 inter
238 2380 362 2460 reliquos
379 2381 502 2440 homines
524 2379 622 2438 ιιίοτὶε.
664 2377 713 2436 sic
735 2378 827 2437 verbo
844 2375 978 2458 φέρεσθαι
1000 2377 1095 2436 utitur
1116 2378 1205 2437 Poeta
1221 2379 1279 2438 ine.

142 2473 223 2553 apud
242 2475 394 2535 Stobaeum
414 2476 715 2552 Serm.105.p.441.
737 2472 822 2531 Groi.
848 2471 921 2545 μήτε
947 2477 1009 2530 λίαν
1028 2472 1056 2531 ἓν
1081 2476 1203 2554 τᾳπεινῷ
1229 2475 1280 2543 ‘tris

142 2567 232 2650 τύχηι
259 2568 347 2650 Μέρει
369 2555 513 2651 (pipinius,
537 2568 601 2643 μήτ’
620 2567 648 2627 ἕν
668 2567 773 2648 ὖψηλῷ
791 2567 902 2626 adnuo?
941 2569 1090 2627 Mummi.
1130 2567 1279 2628 Ultimum

142 2685 261 2724 versum
277 2666 377 2724 nescio
394 2686 455 2744 quo
468 2686 538 2726 casu
551 2664 651 2723 omisit
669 2665 710 2722 H.
725 2663 894 2742 Stephanus
907 2664 989 2722 Com.
1003 2664 1057 2722 Gr.
1072 2665 1153 2723 Sent.
1167 2685 1197 2742 p.
1213 2672 1277 2726 110.

143 2759 195 2837 qui
219 2771 318 2819 tamen
344 2758 409 2818 haec
436 2759 473 2818 de
500 2780 535 2819 eo
561 2759 715 2818 annotavit
736 2779 768 2836 p.
792 2765 856 2817 113.
909 2757 1072 2817 “Ultimus
1098 2778 1202 2818 versus
1228 2760 1279 2819 hic

142 2854 264 2930 quidem
284 2855 401 2932 integer
423 2864 469 2913 est
487 2855 570 2932 quod
592 2853 631 2913 ad
656 2871 825 2912 mensuram
851 2851 965 2921 attinet,
995 2852 1111 2929 (addita
1135 2854 1278 2913 nimirum

141 2950 287 3030 particula
308 2947 342 3019 δὴ
366 2970 402 3009 ex
428 2949 580 3009 veteribus
600 2948 681 3027 cod.)
703 2947 810 3006 sedin
830 2948 944 3006 caeteris
969 2967 1090 3026 quoque
1112 2969 1176 3008 esse
1202 2950 1278 3009 inte-

140 3066 230 3123 grum
252 3046 334 3105 haud
353 3047 496 3105 affirmare
523 3046 627 3104 ausim.
670 3044 731 3117 Qui
755 3055 855 3103 tamen
878 3043 952 3101 mihi
976 3044 1058 3103 visus
1079 3055 1125 3104 est
1151 3045 1217 3104 elici
1240 3066 1278 3105 ex

141 3143 240 3201 verbis
264 3161 375 3212 sensus,
402 3152 454 3200 aut
480 3141 615 3219 proxime
642 3139 745 3198 saltem
772 3137 933 3197 edentum
958 3138 1202 3217 significationem
1229 3135 1288 3198 isc-⁵

142 3235 255 3306 cedere,
276 3257 345 3296 eum
365 3245 510 3313 sequutus
531 3237 624 3295 sum'*

682 3584 747 3650 XI.

245 3799 341 3874 Κατᾶ
366 3799 464 3873 πόλλ’
491 3798 542 3898 ‹ip’
568 3800 673 3872 ἐστιν1
702 3799 737 3870 οὑ
763 3805 867 3870 καλῶς
893 3798 1057 3896 εἰρημένον

145 3931 147 3937 ’
241 3919 283 3990 ‘ni
307 3923 410 4013 γνῶθι
434 3916 588 3990 σαυτόν’·
613 3915 863 4014 χρησιμώτερον
887 3916 956 4012 ’γὰρ
981 3910 1019 3999 ἦν

242 4027 283 4107 ri
308 4039 410 4128 γνῶθι
436 4033 512 4110 ‘rosis
535 4032 683 4112 tihhoosi.

788 4154 1129 4221 θΡΑΣΥΛΕΟΝΤΙ.

847 4279 938 4358 Apud
957 4280 1047 4339 ὅσοι.
1062 4281 1097 4339 Τ.
1111 4258 1199 4342 imi.
1230 4285 1232 4292 ’
