3060 5030
667 304 814 353 ranno.
1270 287 1310 350 11

172 487 225 542 τοῦ
243 483 299 565 γάρ
316 485 463 557 μασᾶσθαι
481 491 611 564 κρεῖττον
631 484 678 550 οὐκ
695 483 756 544 ἔστ’
774 483 836 544 midex
851 482 879 544 ἓν
898 481 903 564 Ι
920 482 1035 557 α’γαθόν·
1057 480 1214 562 πρόσεστιν
1232 479 1315 562 η’δονῇ

173 578 230 657 γάρ
258 578 393 653 τάγαθόν.
432 578 630 638 Α111011.11)1(1.
650 601 680 659 p.
701 587 768 642 280.
788 580 826 638 A.
852 577 1015 658 Ἐπίκουρος
1036 576 1092 658 γάρ
1116 574 1148 647 ἦν
1167 575 1185 634 o'
1207 575 1317 636 τούτων

171 673 346 746 διδάσκαλος,
366 674 397 735 ὃς
418 675 462 732 καὶ
481 673 560 750 βοοῖν
577 672 672 748 ἔλεγεν
692 674 814 756 “Ἀρχη’
832 676 875 733 καὶ
893 675 959 756 ῥίζα
978 671 1084 731 παντάε
1102 670 1213 745 αἠαθοῦ
1229 671 1248 742 η’
1266 672 1317 742 τῆς·

173 768 303 849 ηασπρδκ
318 767 410 842 siderei,
431 769 475 827 nai
492 769 533 827 τά
551 768 632 846 σοφά
649 769 693 826 καὶ
712 768 752 826 τά
771 767 896 850 περιττά
916 775 951 828 εἷς
971 767 1078 838 ταύτην
1096 765 1156 848 ἔχει
1179 765 1231 838 την
1249 764 1317 824 dva-

172 861 292 944 φοράν.”
324 863 405 924 Vide
419 875 515 925 totum
528 864 636 924 locum.
670 864 718 924 cf.
731 875 761 923 et
775 864 881 924 Horat
896 862 1026 944 EpistI.
1040 872 1069 924 4.
1083 863 1136 922 ult.
1172 862 1317 922 Chaucer.

178 959 240 1018 The
254 959 398 1039 Prologue
411 969 439 1020 to
457 963 503 1020 the
518 959 699 1039 Canterburp
718 959 805 1021 Talea
818 968 884 1028 337.
910 960 953 1020 Το
966 959 1041 1018 livea
1056 960 1086 1018 in
1099 958 1167 1017 delit
1180 979 1241 1018 was
1253 977 1318 1016 ever

174 1055 220 1114 hia
235 1075 323 1126 mone,
344 1056 350 1137 Ι
359 1056 417 1137 for
432 1055 467 1114 lte
485 1075 546 1114 mas
562 1055 707 1136 Epicurea
723 1075 801 1114 owen
820 1076 895 1125 rone,
918 1055 923 1135 Ι
943 1055 1006 1115 thot
1025 1055 1091 1116 held
1108 1053 1234 1134 opinion,
1255 1055 1318 1113 that
1351 1131 1355 1138 .

170 1151 252 1231 plein
273 1150 343 1211 deh't
364 1153 369 1234 Ι
390 1173 451 1212 mar
471 1151 581 1233 veraily
590 1151 707 1231 solicite
722 1152 841 1230 perfice.

253 1287 264 1318 ⁶
284 1287 318 1360 δη
336 1292 426 1349 καλῶς
445 1288 556 1348 Athen.
577 1309 607 1367 p.
625 1297 689 1348 103.
710 1287 809 1348 minus
829 1298 918 1347 recte.
961 1287 1034 1346 Plat.
1053 1283 1190 1364 Enthyd.
1210 1304 1240 1363 p.
1253 1284 1320 1345 406.

176 1385 335 1444 Heindorf.
362 1384 405 1464 ἔφ’
416 1383 546 1445 ε’κάστοιο
565 1386 635 1442 πᾶσι
653 1384 804 1456 παγκάλως
821 1382 973 1463 ἐθορύβουν
989 1381 1066 1457 μάνου
1086 1389 1113 1441 αι’
1130 1384 1183 1439 τοῦ
1201 1379 1319 1448 Edonid-

174 1505 227 1554 μου
245 1479 375 1560 ἐρασταί.

253 1618 264 1649 ⁷
285 1625 303 1652 “
318 1615 401 1676 εὔσωι
418 1617 549 1676 ἅπαντας
567 1614 585 1686 ἦ
605 1616 797 1693 Schweigh.”
838 1617 1000 1677 Dmnonr.
1041 1620 1128 1678 Certe
1146 1618 1189 1676 ita
1204 1617 1320 1677 editum

174 1723 221 1772 est
244 1735 261 1772 a
285 1713 557 1791 Schweighaeusero
579 1712 691 1772 Athen.
713 1734 742 1791 p.
757 1721 822 1784 279.
846 1713 904 1772 nisi
929 1712 1011 1792 quod
1033 1714 1139 1774 leviter
1163 1713 1229 1792 figit
1252 1697 1321 1793 post

174 1808 314 1867 daroma.
354 1808 440 1868 Idem
463 1820 563 1868 tamen
586 1830 617 1887 p.
633 1817 697 1869 103.
721 1808 813 1868 habet
836 1806 864 1866 εὖ
887 1809 955 1892 ζιιῖσ’
975 1807 1108 1868 ἅπαντες.
1132 1807 1151 1879 ἢ
1175 1809 1208 1884 (ἢ
1230 1793 1320 1869 01111111

175 1905 248 1964 Ald.
263 1905 373 1964 Athen.
385 1926 417 1985 p.
430 1907 512 1982 279.)
535 1901 627 1985 τυχόν
648 1902 740 1961 idean
758 1902 820 1976 ἐμοί
829 1926 836 1974 ;
878 1904 926 1963 De
945 1924 1005 1982 qua
1021 1903 1157 1963 lectionis
1178 1901 1320 1963 varietate

175 2020 213 2059 ne
228 2001 353 2059 verbum
367 1999 491 2079 quidem
504 1999 688 2058 Dindorfius.
728 1995 757 2057 εὖ
771 1999 839 2080 ζῶσι
859 1998 972 2058 πάντες.
993 1997 1011 2070 ἦ
1025 1996 1096 2080 τάχ’
1108 1997 1230 2058 ividem
1241 1998 1303 2074 ἐμοί
1311 2022 1319 2069 ;

170 2095 236 2175 jam
254 2095 376 2155 dederat
393 2096 526 2166 Grotius,
543 2096 654 2175 partim
668 2093 705 2154 ex
722 2097 903 2175 oonjectura,
917 2097 1036 2175 partim,
1051 2096 1133 2174 quod
1151 2116 1220 2154 mox
1236 2093 1320 2155 vide*-

174 2193 284 2261 bimus,
306 2213 343 2251 ex
367 2191 534 2251 Casauboni
558 2191 750 2251 correctione.
790 2191 853 2263 Qui
876 2211 948 2250 vero
969 2191 1085 2270 primus
1107 2175 1320 2269 interrogative

175 2286 293 2363 punxit,
312 2286 371 2345 fuit
389 2285 554 2355 Hertelius,
570 2285 652 2364 apud
672 2305 762 2364 quem
780 2286 960 2364 impressum
977 2285 1089 2364 legitur
1106 2283 1124 2356 ιῖ
1141 2285 1211 2364 (sic)
1230 2283 1321 2366 τυχδν

176 2377 269 2438 δόσεις
288 2379 366 2454 ἐμο1;
402 2379 461 2440 Sed
481 2391 511 2440 et
531 2377 559 2438 εὖ
578 2379 646 2461 (ad
660 2380 689 2438 α’.
711 2376 805 2439 valed
821 2381 889 2462 ζιῖσι
904 2407 935 2438 π.
952 2381 1080 2458 probare
1097 2377 1218 2438 videtur
1231 2380 1321 2438 etiam

177 2477 326 2537 Dobraeus
348 2478 478 2538 Advers.
501 2478 536 2536 Τ.
559 2476 602 2536 11.
622 2499 653 2556 p.
676 2486 742 2538 302.
766 2498 931 2556 provocans
954 2475 992 2538 ad
1016 2477 1124 2556 Eurip.
1149 2473 1260 2536 Athen.
1281 2479 1320 2536 X.

176 2596 206 2654 p·
226 2583 293 2635 413.
316 2577 350 2634 C.
372 2572 580 2654 (Autolyc.11.
601 2577 643 2653 3.)
664 2577 692 2632 οἳ
711 2573 814 2655 πρῶτα
833 2575 883 2647 μὲν
902 2577 952 2656 ζῆν
972 2572 1038 2632 οὔτε
1059 2571 1240 2648 μανθάνουσιν
1260 2571 1324 2654 eth]

177 2671 236 2730 οὔτ’
253 2669 287 2729 ἂν
304 2670 438 2730 δύναιντο.
478 2672 568 2731 Adde
583 2670 674 2751 Soph.
690 2670 767 2730 Phil.
782 2680 848 2733 505.
876 2672 977 2754 χῶταν
994 2695 1036 2730 τις
1055 2669 1086 2731 εὖ
1102 2669 1147 2753 ζῇ,
1168 2672 1321 2741 τηνικαῦτα

178 2765 230 2825 τάν
245 2765 310 2840 βίον
324 2764 330 2846 Ι
343 2773 457 2825 σκοπεῖν
474 2765 612 2838 μάλιστα,
625 2764 665 2838 μή
681 2765 839 2847 διαφθαρεὶς
858 2765 940 2849 λα’θη.
982 2767 1056 2825 Ρ1111.
1072 2765 1194 2845 Protag.
1208 2788 1239 2846 p.
1254 2766 1321 2828 612.

178 2860 338 2920 Heindorf.
363 2857 459 2934 Λέγειε
478 2859 507 2920 δέ
522 2886 607 2932 τινας,
626 2857 704 2938 Ιε’φην,
726 2858 748 2920 d
767 2861 959 2944 sspo‘roy'dpa,
982 2861 1039 2921 τόν
1056 2859 1207 2943 α’νθριάπωυ
1219 2857 1249 2920 εὖ
1261 2862 1321 2943 ζῇν,

178 2955 243 3015 ‘rode
261 2955 290 3014 δὲ
306 2957 410 3026 κακοῖος
425 2953 515 3034 Ἔφη.
531 2955 595 3040 Ἆρ’
613 2953 659 3015 οὖν
677 2957 752 3016 δοκεῖ
767 2984 812 3016 σοι
834 2955 977 3040 ἅνθρωπος
1001 2955 1035 3016 dv
1060 2956 1089 3016 εὖ
1112 2959 1170 3040 ζῇν,
1198 2965 1220 3017 ε1
1242 2958 1321 3018 α’νιιάὶ

176 3052 255 3127 perde
276 3077 310 3111 τε
332 3050 376 3110 καὶ
394 3051 555 3127 ὅδννάμενοε
574 3053 646 3134 {qim
669 3051 728 3110 Οὖκ
742 3050 806 3131 ἔφη.
828 3053 863 3111 Τί
882 3051 912 3124 δ’,
937 3061 960 3112 ei
975 3051 1058 3126 η’δέιιιτ
1081 3053 1159 3130 βιοιῖο
1183 3053 1236 3113 τάν
1257 3053 1324 3130 βίον

177 3145 378 3217 τελευτήσειεν,
393 3146 440 3205 ode
454 3145 483 3206 εὖ
495 3148 530 3205 ἅν
543 3174 588 3206 σοι
603 3147 681 3208 δοκεῖ
691 3147 777 3208 οὕτως
790 3147 973 3226 βεβιωκέναι;
1017 3149 1133 3209 Gnome
1146 3149 1322 3231 μονάστιχοκ

177 3243 261 3322 apud
281 3242 323 3300 Η.
339 3241 442 3321 Steph.
456 3245 538 3303 Com.
553 3244 607 3303 Gr.
624 3243 705 3303 Sent.
726 3266 756 3324 p.
771 3254 839 3313 247.
871 3245 905 3304 aie
924 3243 1006 3327 ἔργον
1026 3243 1055 3305 εὖ
1075 3246 1125 3327 ζῇν
1145 3245 1173 3304 ἕν
1193 3271 1323 3329 πονηρους

177 3337 279 3408 ἤθεσιν.
320 3339 470 3408 Ceterum,
493 3357 562 3397 eum
579 3338 691 3398 Athen.
706 3359 736 3418 p.
752 3346 816 3402 103.
835 3361 938 3400 versus
955 3340 988 3399 in
1001 3339 1112 3400 Aldina
1130 3341 1172 3401 sic
1187 3341 1321 3418 incipiat,

172 3433 213 3492 Ὦ
233 3436 325 3491 σωσία
345 3431 437 3502 πάντη
458 3461 482 3492 κ.
497 3458 526 3491 π.
542 3445 569 3491 λ.
590 3433 665 3512 legit
682 3435 804 3494 omnino
817 3437 1026 3496 casaubonus:
1041 3435 1081 3494 Ὦ
1102 3439 1208 3507 Σωσία,
1229 3434 1321 3506 πάντη

179 3529 249 3611 τάχ’
261 3527 383 3588 ε’νδιὸσειι
399 3528 469 3602 ε’μοὶ.
512 3528 647 3600 OSotia,
665 3530 924 3610 omninofidaram
942 3539 993 3603 ert,
1012 3539 1044 3590 ut
1062 3532 1118 3592 cito
1135 3551 1238 3592 manua
1252 3531 1323 3592 miti

179 3625 238 3695 dea,
257 3632 367 3684 motata
385 3624 534 3683 sententia.
575 3624 696 3703 Nempe
714 3625 756 3684 sic
774 3626 827 3704 (ait
846 3625 1052 3706 casaubonus)
1069 3627 1203 3706 loquitur
1221 3645 1321 3697 senex,

179 3720 255 3779 nihil
276 3719 451 3780 habiturum
475 3720 589 3779 Sosiam
612 3719 785 3778 existimans
809 3722 891 3799 quod
913 3720 1042 3781 hisoeret
1066 3721 1209 3781 adversus
1232 3739 1323 3798 argu-

179 3827 325 3886 mentum,
353 3834 414 3895 quo
438 3815 519 3874 illins
545 3815 722 3876 sententiam
747 3816 865 3876 refellit.
914 3817 1037 3896 Optime
1065 3837 1134 3877 sane
1159 3816 1226 3875 loco
1252 3837 1323 3876 con-

179 3915 263 3974 venit
308 3913 387 3972 servi
433 3932 551 3984 nomen,
589 3913 673 3989 (vide
715 3911 814 3972 Schol.
843 3913 882 3972 ad
909 3913 1062 3993 Aristoph.
1097 3912 1227 3990 Acharn.
1255 3922 1323 3975 281.

180 4011 211 4070 J.
233 4009 267 4068 C.
289 4007 401 4087 Scalig-
422 4010 504 4072 Poet.
526 4008 550 4067 I.
573 4011 634 4088 13.)
660 4020 694 4069 ut
716 4009 766 4069 vel
792 4029 830 4068 ex
856 4027 885 4068 v.
907 4018 934 4070 5.
961 4020 1059 4090 patet:
1086 4018 1117 4068 et
1141 4009 1324 4090 paedagogos

180 4105 346 4184 antiquitus
379 4123 479 4165 servos
511 4104 613 4176 fuisse,
647 4106 757 4166 diserte
790 4106 920 4166 ostendit
954 4104 1114 4184 Euripides
1141 4105 1247 4166 Phoen.
1274 4117 1322 4179 92.

183 4203 274 4262 Porro
297 4201 417 4261 εὗσωσία
441 4199 533 4272 πάντη
557 4203 646 4262 etiam
670 4202 731 4262 duo
755 4203 842 4262 MSS.
864 4203 945 4283 apud
969 4201 1169 4274 Dindorfium,
1196 4205 1324 4264 coniun-

181 4299 273 4378 dique
297 4301 325 4358 Ω
345 4311 375 4360 et
398 4299 459 4370 Er,
488 4320 515 4358 v.
529 4320 558 4377 g.
583 4299 615 4358 in
643 4303 752 4358 nativae
777 4319 833 4378 pro
859 4303 984 4371 πλεῦνας,
1011 4309 1094 4360 notat
1118 4300 1258 4361 Schaefer.
1285 4301 1323 4360 ad
