2948 5010
472 315 699 366 VERSIONES
721 313 892 365 LATINAE.

118 491 244 571 Siquem
263 496 336 565 fero,
361 505 468 556 ventus
478 519 487 568 ;
508 497 632 576 laqueus
652 496 677 556 si
696 495 851 573 obstringo
869 493 988 573 gulam
1234 499 1254 553 5

117 587 248 649 Locusta
266 591 383 668 siquem
402 592 513 651 insulto
522 614 533 662 ς
555 592 579 650 si
601 591 710 669 frango
731 591 820 660 fores,

120 685 194 743 Sum
212 696 414 747 terraemotus:
435 709 547 758 musca,
572 689 597 746 si
619 688 657 748 ad
679 707 793 747 coenam
814 696 860 746 est
882 707 958 765 opus

118 779 168 839 Ire
189 781 376 841 invocatum:
398 795 508 862 puteus
527 784 560 842 in
580 803 641 842 non
661 783 759 844 exitu:

119 875 170 933 Ad
192 876 400 953 prendendum
419 879 559 958 aliquem,
580 878 619 938 ad
640 878 714 938 falsa
731 876 910 946 testimonia,

119 970 170 1029 Ad
193 970 399 1044 occidendum,
424 974 447 1033 si
473 995 548 1054 opus
571 985 625 1045 est,
647 995 725 1034 unus
747 994 813 1034 sum
834 971 940 1032 omnia

119 1065 269 1125 Juventus
287 1086 398 1127 nomen
418 1071 457 1128 ob
479 1068 543 1129 haec
568 1069 620 1128 Nil
643 1069 807 1152 dubitantis
829 1067 903 1128 mihi
932 1108 934 1112 -

120 1161 285 1239 ¹Imposuit:
307 1164 360 1223 sed
379 1184 436 1242 ego
455 1165 498 1223 nil
518 1185 616 1225 moror
635 1165 769 1235 dicteria,

119 1254 245 1316 Amicus
267 1257 370 1320 amicis
386 1279 499 1338 reapse,
520 1279 582 1320 non
602 1259 691 1322 dictis
713 1260 814 1320 modo.-

564 1535 810 1614 Progenitoribus.

508 1656 597 1715 Nosti
617 1655 772 1733 ingenium
791 1673 900 1716 meum.

121 1747 232 1808 Nullus
252 1751 346 1810 fastus
366 1750 451 1810 inest
491 1749 646 1810 Adversus
670 1749 779 1810 amicos
1117 1827 1118 1830 Ἴ

121 1863 188 1902 sum
206 1844 397 1922 hujusmodi:
424 1844 621 1905 adferendos
641 1844 728 1915 ictus,
749 1844 902 1905 candentis
919 1844 991 1904 ferri
1012 1863 1124 1902 massa:
1241 1855 1246 1870 ⁸

119 1939 159 1998 ad
178 1940 356 2011 feriendum,
376 1940 509 1999 fulmen:
537 1939 576 1998 od
595 1940 805 2000 excaecandum
825 1941 1004 2020 quempiam,
1027 1939 1149 2018 fulgur:
1240 2016 1242 2022 Ι

120 2033 160 2093 sd
177 2036 343 2096 tollendum
361 2035 557 2116 precipitem,
575 2047 698 2096 ventus:
719 2036 759 2095 ad
779 2036 1035 2116 strangulandum,
1055 2037 1196 2115 laqueus:
1235 2041 1253 2115 5

120 2129 158 2188 'ad
179 2131 392 2211 effringendum
412 2143 539 2212 portam,
562 2143 649 2191 terrae
665 2142 780 2193 motus:
802 2135 841 2193 ad
857 2133 1104 2203 introsiliendum,
1122 2129 1252 2192 locusta:

120 2225 160 2283 ad
180 2226 357 2286 ooenandum
377 2227 431 2286 ubi
450 2235 511 2285 non
527 2236 659 2297 vocatus,
675 2248 795 2288 musca:
816 2227 856 2287 ad
875 2249 936 2288 non
954 2227 1177 2308 egrediendum,
1196 2247 1253 2305 pu·

1159 2322 1252 2400 [teus.

120 2416 158 2475 ad
181 2417 441 2495 constringendam
466 2417 578 2495 gulam,
603 2417 642 2475 ad
668 2418 874 2490 occidendum,
897 2418 937 2478 ad
962 2417 1071 2478 falsum
1093 2416 1253 2478 dicendum

619 2511 851 2594 [testimonium
876 2523 907 2574 et
928 2533 1114 2594 quoecunque
1133 2512 1253 2573 tandem

121 2607 220 2666 dicere
241 2606 348 2685 aliquis
372 2616 470 2685 queat,
491 2607 530 2666 ad
549 2608 605 2667 ista
625 2618 738 2668 temere
757 2608 903 2687 patranda

121 2715 229 2764 cuncta
248 2704 415 2783 (praeceps.)
454 2705 495 2762 Et
511 2703 662 2783 adpellant
681 2724 730 2764 me
748 2704 875 2783 juvenes
1216 2711 1253 2764 10

122 2801 160 2858 ob
178 2799 234 2858 ista
253 2797 361 2867 omnia,
386 2798 561 2858 Turbinem.
601 2799 645 2858 At
664 2819 725 2857 non
744 2820 802 2878 ego
822 2819 895 2859 curo

122 2893 269 2952 convicia:
296 2912 366 2951 nam
386 2891 548 2952 amicorum
568 2911 634 2952 sum
655 2892 768 2953 amicus
787 2893 863 2963 talis,

122 2988 175 3066 qui
193 3009 227 3048 re
245 2988 311 3066 ipsa
326 2988 424 3047 bonus
440 2987 582 3066 utilisque
599 3008 673 3058 esse,
691 3008 752 3049 non
770 2988 861 3049 modo
881 2987 989 3058 verbis,
1011 2986 1205 3048 adsueverim.

990 3081 1173 3144 Souwmon.

609 3313 771 3320 ——..—-

535 3530 841 3652 Amsrorrrou.

589 3800 616 3866 Ι.
645 3801 699 3886 (P.
716 3801 783 3882 60.)

486 4040 490 4044 ¹
609 3960 763 4022 Callonide.

121 4083 235 4140 Iterum
256 4082 309 4159 qui
330 4101 453 4141 uxorem
470 4082 562 4150 ducit,
585 4092 687 4160 pereat
706 4083 840 4161 pessime.

120 4176 201 4234 Nam
223 4175 350 4254 primam
371 4176 463 4254 siquis
482 4175 576 4246 duxit,
598 4177 732 4256 peccavit
751 4176 834 4248 nihil,

120 4269 163 4329 Ut
183 4270 235 4348 qui
253 4270 402 4349 ignoraret
421 4281 565 4350 quantum
589 4272 621 4330 in
630 4271 823 4332 matrimonio
937 4319 941 4327 .

121 4370 573 4458 rauranum-ammoniaco]
