3060 5030
250 369 296 448 68
410 386 661 438 conmonuit
691 387 928 444 onncoaunr
959 386 1225 436 FRAGMENTA.

330 571 338 600 ¹
360 571 521 631 “Comicus
544 571 662 632 Atticos
687 571 763 630 nihil
788 570 893 630 fecisse
912 569 1054 628 libentius
1081 587 1172 646 quam
1199 581 1235 627 ut
1259 566 1396 646 philoso-

248 664 379 744 phorum
400 665 573 745 disciplinas
599 677 629 725 et
655 665 871 725 institutionem
899 665 930 722 in
954 684 1042 723 scena
1061 664 1262 732 traducerent,
1287 673 1319 721 et
1338 682 1395 739 po-

248 760 322 840 pulo
341 760 498 832 ridendam
517 762 721 840 propinarent,
742 768 780 820 e'x
799 757 1008 838 Aristophanis
1029 757 1222 828 dramatibus,
1244 755 1396 835 Diogenis

250 853 362 915 Laertii
388 854 520 926 historia,
548 866 579 916 et
604 856 686 915 bisce
710 854 929 915 commentariis
948 874 1036 913 nemo
1057 853 1184 930 ignorat
1224 851 1396 911 Athenaeus

248 948 384 1010 hocloco
399 945 547 1030 Epicratis
559 951 711 1030 plusculos
725 970 829 1009 versus
842 949 1008 1028 descripsit,
1021 948 1132 1027 quibus
1147 948 1277 1006 Platonis
1292 944 1397 1006 schola

247 1045 363 1105 ridetur
382 1046 548 1106 salsissime.
580 1045 782 1106 inducebatur
803 1044 937 1104 medicus
957 1044 1081 1122 quidam
1097 1043 1215 1103 Siculus
1235 1040 1398 1120 discipulis

249 1140 381 1199 Platonis
401 1141 564 1220 oppedens,
587 1141 747 1200 subtilibus
765 1151 866 1218 atque,
892 1151 928 1198 ut
946 1139 1144 1208 existimabat,
1165 1138 1305 1196 inanibus
1325 1135 1395 1194 illo·

246 1254 316 1295 rum
333 1236 596 1317 disputationibus
621 1248 652 1297 et
678 1237 877 1296 divisionibus
903 1235 1040 1295 offensus.
1082 1234 1240 1294 Frendunt
1261 1233 1396 1312 juvenes

247 1330 398 1405 dentibus,
417 1344 448 1393 et
461 1342 574 1392 tantam
591 1333 800 1393 contumeliam
818 1344 925 1412 parant
943 1332 1064 1391 ulcisci:
1086 1331 1287 1409 fecissentque
1304 1328 1393 1398 adeo,

246 1425 304 1485 nisi
334 1446 437 1486 eorum
463 1439 562 1489 motus
587 1429 747 1488 auctoritas
774 1428 930 1507 praesentis
961 1427 1095 1505 magistri
1129 1423 1395 1505 compescuisset.”

248 1522 424 1581 Cssausou.
459 1524 556 1582 Immo
573 1524 648 1582 nihil
669 1525 813 1584 curabant
829 1523 966 1602 juvenes,
986 1533 1021 1580 ut
1036 1540 1134 1601 neque
1155 1541 1258 1580 eorum
1278 1519 1394 1598 magis-

247 1627 302 1686 ter,
317 1616 369 1676 sed
389 1618 605 1698 disputationes
625 1639 702 1688 suas,
722 1619 805 1677 nulla
823 1619 902 1682 sacta
921 1637 1046 1686 remora,
1067 1616 1185 1696 placide
1203 1616 1393 1694 repetebant

247 1711 325 1772 Vide
344 1733 394 1772 nn.
411 1723 455 1774 11.
472 1714 578 1776 14.16.

322 1823 335 1860 ⁹
354 1833 373 1861 ‘⁴
385 1826 435 1884 νυνὶ
455 1825 649 1910 διατρίβουσιν
669 1825 845 1886 Erfurdtius
859 1847 889 1904 p·
904 1833 970 1886 438.
1011 1826 1096 1884 Libri
1118 1827 1162 1883 νῦν
1182 1823 1394 1905 διατρίβονσι.”

246 1920 408 1981 Drnuosr.
456 1924 502 1983 Ita
520 1924 635 1983 dudum
657 1933 823 1983 correxerat
843 1922 994 1981 Porsonus
1017 1922 1099 2000 apud
1118 1921 1314 2002 Walpolium,
1336 1941 1392 1981 cu·

242 2014 295 2093 jus
317 2019 529 2090 recensionem,
551 2018 633 2098 quod
654 2019 765 2078 mirum
781 2030 834 2087 est,
856 2038 978 2097 prorsus
992 2018 1184 2096 pretermisit
1201 2017 1391 2078 Dindorfius.

246 2109 318 2191 apds
337 2114 395 2171 τίσι
417 2113 467 2172 νυνὶ
487 2113 696 2193 διατρῖβονσινς
725 2114 904 2174 vertendum
923 2113 1068 2190 Anglicet
1090 2133 1165 2192 upon
1176 2113 1251 2172 what
1265 2112 1392 2192 subjecit

244 2227 297 2266 are
314 2209 379 2290 they
391 2215 422 2268 ot
434 2218 547 2290 present
561 2209 703 2290 emphyed
711 2211 728 2270 i?
755 2209 803 2268 vel
817 2207 885 2267 with
900 2209 976 2266 what
991 2208 1165 2267 discussions
1179 2228 1231 2267 ore
1247 2209 1313 2289 they
1327 2229 1391 2268 nun

243 2304 374 2383 engaged
384 2306 401 2364 l
446 2306 590 2366 Usitatius
604 2316 703 2366 autem
726 2305 875 2364 diceretur
890 2302 1043 2383 διατρίβειν
1061 2302 1100 2376 ἐν,
1114 2304 1163 2364 vel
1181 2305 1235 2376 ἐπὶ,
1255 2305 1318 2375 τινὶ,
1339 2307 1390 2365 vel

244 2399 333 2458 etiam
356 2400 419 2481 περὶ
439 2404 477 2458 τί.
517 2401 682 2477 Vulgatum
703 2400 839 2459 defendit
859 2398 1012 2458 Plutarch.
1034 2400 1094 2459 Vit.
1114 2399 1222 2459 Numae
1241 2420 1272 2479 p.
1286 2399 1335 2472 69.
1350 2401 1390 2460 E.

243 2491 317 2551 ὅταν
329 2492 450 2575 Ἄρχων
470 2493 540 2576 πρδσ
560 2492 662 2576 ὄρνισιν
680 2493 700 2565 ἢ
719 2495 821 2552 θυσίαις
841 2493 983 2575 διατρίβῃ.

322 2603 466 2666 '“Fort
500 2605 669 2666 τούτοισιν.”
709 2607 870 2664 Drnnonr.
926 2605 1010 2663 Nihil
1035 2626 1111 2684 opus
1141 2618 1187 2666 est
1212 2607 1390 2667 mutatione.

244 2696 320 2759 Plat.
339 2699 454 2761 Theet.
472 2723 502 2782 p.
521 2709 587 2774 489.
621 2702 780 2763 Heindorf.
810 2699 924 2760 Ταυτὸν
953 2699 1010 2781 ἄρα
1037 2699 1065 2761 ἔν
1099 2727 1132 2776 γε
1165 2709 1225 2760 τοῖς
1263 2703 1321 2761 ὅσα
1352 2701 1391 2783 ἐξ

242 2792 361 2874 α’ριθμοιῖ
378 2794 451 2868 ἐστι,
475 2796 513 2855 τό
533 2822 567 2856 τε
587 2797 644 2856 πᾶν
664 2795 914 2878 προσαγορεύομεν
935 2797 979 2855 sol
1000 2795 1042 2854 sd
1059 2794 1196 2868 ἅπαντας
1223 2798 1277 2857 ubi
1298 2797 1390 2878 plur·

243 2891 381 2971 exempla
413 2893 515 2953 attulit
548 2893 752 2955 Heindorfius.
806 2892 883 2952 Vide
902 2893 1068 2959 Hermann.
1089 2893 1128 2952 ad
1145 2895 1248 2972 Viget.
1265 2914 1297 2973 p.
1318 2903 1388 2963 7⁰⁰·

246 2985 394 3046 Mattbiaei
416 2988 470 3047 Gr.
486 2989 540 3048 Gr.
553 2988 621 3050 886.
642 2990 815 3049 Buttmann.
836 2987 890 3046 Gr.
905 2987 959 3046 Gr.
973 3008 1003 3067 p.
1017 2996 1085 3049 282.

322 3099 334 3130 ⁴
354 3099 494 3160 Grotius:
522 3101 591 3159 eorl
611 3102 664 3159 mie
684 3102 746 3175 yde.
787 3100 847 3159 Sed
865 3099 954 3160 nimis
974 3101 1120 3161 Doricum
1139 3112 1185 3161 est
1206 3101 1288 3162 istud
1305 3107 1387 3163 eorl.

244 3191 396 3254 Personas
416 3197 554 3255 omnino:
576 3194 661 3275 λέξον
680 3193 750 3275 φέρε
770 3193 840 3275 πρὸς
861 3199 923 3266 γᾶς.

321 3307 332 3338 ⁸
353 3307 438 3368 “erio
451 3312 596 3390 μειρακίων
612 3307 795 3368 Erfurdtius.
825 3309 925 3380 Recte,
939 3308 996 3368 nisi
1011 3307 1101 3388 plura
1115 3310 1216 3370 omisit
1229 3311 1389 3390 epitome.”

244 3401 409 3462 Drusosr.
450 3403 498 3464 lta
517 3404 606 3464 etiarn
628 3403 787 3463 Portunus.
828 3404 873 3463 cf.
894 3423 942 3463 vv.
956 3411 1004 3464 24.
1019 3412 1065 3465 34.

321 3505 779 3582 ⁸“Scribebatur'Axolopioa”
813 3510 976 3570 Drnuoar.
1002 3512 1170 3570 “Formam
1190 3513 1222 3572 in
1242 3501 1295 3587 ἴα,
1316 3535 1384 3594 quoe

242 3601 275 3660 in
300 3601 426 3661 Theocr.
451 3601 519 3662 Chii
541 3603 646 3682 Epigr.
660 3613 688 3664 4.
714 3605 873 3684 reperitur,
901 3605 1023 3666 damnat
1044 3605 1216 3667 Schneider.
1236 3609 1310 3671 Lex.
1331 3631 1383 3690 pa·

243 3716 311 3756 rum
330 3709 486 3769 accurate3
512 3718 582 3759 nam
602 3711 648 3758 est
666 3719 684 3758 e
702 3701 882 3780 paragogico
900 3699 1089 3775 'Assldtstwn
1109 3703 1190 3763 unde
1210 3704 1383 3784 hlP⁰⁰⁰fl⁸²
1500 3785 1501 3788 ,

241 3792 336 3852 ticum
363 3790 540 3866 Ἀκαδήμιος,
559 3791 744 3867 Ἀκαδημία.”
786 3796 920 3855 Passow.
968 3797 1004 3855 ln
1030 3795 1176 3868 Alexidis,
1202 3799 1251 3860 vel
1284 3802 1383 3880 potius

243 3884 374 3945 Sotionis
388 3886 596 3957 Alexandrini,
613 3885 899 3949 Ἀσωτοδιδασκάλου
913 3889 1094 3970 Fragmento
1107 3892 1189 3972 apud
1202 3893 1383 3974 Walpolium
1500 3881 1501 3896 ἵ

242 4000 272 4061 p.
288 3989 315 4043 8.
340 3981 467 4060 (Athen.
482 3981 573 4043 Vlll.
588 4004 618 4063 p.
632 3984 699 4047 886.
713 3986 764 4064 Ε.)
796 3984 966 4059 Ἀκαδημίαν
988 3987 1166 4068 impressum
1188 4003 1249 4050 est:
1279 3991 1382 4050 sedin

244 4075 358 4136 Erratis
373 4076 557 4152 Ἀκαδημείαν
577 4079 705 4140 correxit
718 4080 835 4149 Editor,
848 4093 998 4154 monente,
1014 4083 1059 4142 uti
1080 4083 1224 4163 suspicor,
1244 4085 1382 4146 Porsono.

243 4169 322 4231 Vide
340 4171 470 4234 Meinek.
488 4174 527 4233 ad
546 4173 687 4234 Menand.
705 4195 735 4254 p.
757 4175 821 4246 169.
855 4175 924 4234 “ln
944 4175 1112 4251 Ἀκαδημίας
1139 4180 1306 4258 penultima
1332 4201 1383 4240 an·

243 4284 325 4346 ceps,
345 4264 394 4326 hic
413 4267 580 4348 longeest:
603 4269 685 4349 quod
698 4269 723 4329 si
734 4288 810 4349 opus
821 4281 908 4341 esset,
922 4283 1063 4352 potuerat
1070 4273 1253 4350 'Asampatae
1266 4279 1383 4338 scrib'u”

244 4361 544 4426 Somronnussa.
587 4365 684 4426 Male:
711 4385 779 4426 nam
803 4370 978 4447 penultima
997 4370 1089 4450 hujus
1108 4374 1247 4434 vocabuli
1267 4393 1384 4454 tempu
