2990 5010
608 383 833 436 meamus.
1219 375 1285 458 173

207 561 256 596 ³“
266 556 381 630 πίθηται
415 563 479 621 MS.
507 562 546 623 A.
572 563 653 626 unde
684 567 869 628 commodius
889 569 982 638 πίθητ’
1015 566 1136 627 formari
1163 562 1285 648 possil.”

149 659 445 718 SOHWEIGHAEUSER.
485 658 576 737 Soph.
592 661 688 722 Elect.
702 670 769 733 938.
789 661 838 722 e'dv
851 661 879 722 δέ
898 689 945 736 μοι
964 665 1040 745 πίθῃ,
1061 663 1067 745 l
1087 667 1139 735 uris
1154 669 1197 724 νῦν
1210 690 1284 746 παρ-

148 750 231 822 ούσης
249 753 371 824 πημονῆς
386 750 475 812 λύσεις
491 751 593 834 βάρος.
633 756 672 814 ln
691 757 762 816 OEd.
780 759 915 834 R.1414.
936 757 1048 816 πίθεσθε
1068 758 1167 824 edidit
1185 759 1285 818 Elma-

147 848 233 918 leius‚
256 847 310 907 ubi
328 849 455 908 πείθεσθε
477 849 547 910 libri
568 871 678 913 omnes.
718 853 799 914 Vide
821 853 988 913 Blomfield.
1011 853 1050 912 ad
1067 854 1167 916 AEsch.
1185 855 1284 917 Prom.

148 945 185 1002 V.
199 953 266 1005 282.
293 944 457 1005 Hermann.
473 946 512 1005 ad
526 947 616 1026 Soph.
632 948 725 1008 Elect.
742 958 827 1010 1003.
867 952 940 1011 Mox
960 960 1044 1011 notat
1064 951 1285 1030 Schweighaeu-

148 1059 248 1098 serus:
272 1040 362 1099 “Pro
379 1043 420 1121 τῷ
441 1039 533 1122 δημίῳ,
554 1041 587 1100 id
599 1054 654 1112 est,
672 1045 773 1114 lictori,
788 1044 836 1104 vel
852 1043 995 1122 carnifici,
1014 1064 1069 1105 suo
1082 1044 1227 1105 arbitratu
1244 1049 1286 1126 τῷ

148 1133 237 1214 δικαίῳ
263 1134 364 1214 posuit
386 1135 590 1215 Epitomator3
626 1139 711 1216 quasi
729 1138 857 1218 justitie
883 1139 1004 1211 diceret,
1033 1140 1285 1218 quemadmodum

149 1231 262 1291 Gallice
275 1231 411 1302 dicimus,
425 1232 513 1291 livrer
526 1253 564 1291 ιιιι
576 1232 742 1312 molfaiteur
753 1235 772 1293 d
786 1235 815 1293 lo
820 1235 957 1313 μνήσαθ’

205 1351 216 1380 ⁴
233 1349 745 1432 ἅπεῖπον-ἐπέβαλον-παρέδινκαν.
784 1353 833 1413 De
855 1353 913 1414 hoc
934 1373 992 1412 usu
1010 1353 1111 1412 aoristi
1124 1352 1194 1414 vide
1208 1317 1287 1412 infra

147 1445 389 1526 adAppendieis
407 1446 527 1526 Fragm.
542 1447 678 1508 XXVII.
696 1468 726 1508 n.
741 1448 768 1509 6.
809 1449 855 1508 ef.
876 1468 967 1526 supra
984 1449 1142 1530 Eupolidis
1163 1448 1284 1526 Fragm.

149 1541 191 1600 ΙΙ.
208 1540 252 1602 16.

205 1662 216 1692 ⁵
236 1661 371 1722 Itareote
381 1663 451 1722 Ald.
461 1673 492 1722 et
502 1662 627 1722 casaub.
655 1663 737 1723 Male
748 1662 1039 1742 Schweighaeuserus
1049 1671 1142 1723 σννιεῒι
1150 1686 1160 1735 ;
1175 1673 1286 1724 “more

147 1755 258 1826 Attico,
272 1769 423 1836 tamquam
443 1779 461 1816 a
473 1760 566 1818 verbo
579 1760 702 1830 πννὶεω,”
715 1768 750 1818 ut
762 1758 820 1837 ipsi
833 1758 939 1838 placet.
979 1759 1022 1818 Et
1035 1759 1077 1819 sic
1091 1759 1180 1818 etiam
1195 1760 1283 1818 MSS.

148 1855 185 1909 A.
197 1862 229 1910 et
237 1851 271 1909 P.
285 1851 418 1930 itemque
426 1853 602 1932 Welpolius.
643 1853 704 1913 Sed
711 1853 780 1914 vide
795 1854 915 1913 Porson.
929 1855 968 1913 ad
979 1853 1085 1932 Eurip.
1100 1853 1198 1912 Orest.
1214 1862 1281 1914 141.

148 1946 200 2023 qui
214 1946 255 2005 ibi
270 1946 389 2007 scribit:
410 1949 503 2008 “Neo
516 1970 563 2008 me
577 1949 657 2027 fugit
670 1948 857 2008 Brunckium
874 1949 1013 2026 pluribus
1027 1949 1059 2006 in
1075 1947 1148 2007 locis
1165 1949 1281 2027 Sopho-

146 2043 200 2102 clis
219 2054 250 2102 et
271 2044 480 2122 Aristophanis
502 2046 594 2117 πιθεΐι,
614 2048 718 2125 ξυνιεΐι,
738 2055 769 2104 et
792 2044 903 2124 similes
923 2045 1121 2104 barbarismos
1140 2055 1195 2104 'aut
1214 2045 1283 2104 reli-

148 2137 246 2215 quisse
271 2149 324 2199 aut
349 2139 513 2200 intulisse.’'
553 2139 740 2217 (cavillatur,
768 2159 826 2198 non
849 2150 1086 2217 argumentatur,
1112 2139 1285 2198 Matthiaeus

148 2233 201 2292 Gr.
226 2234 279 2294 Gr.
304 2235 385 2316 205.)
424 2236 577 2315 Aristoph.
600 2236 677 2295 Plul.
692 2243 739 2295 45·
761 2233 811 2294 εἶτ’
837 2235 869 2294 ori
895 2237 984 2316 ξυνίης
1010 2234 1062 2306 τήν
1087 2235 1208 2295 ἐπίνοιαν
1231 2238 1287 2296 τοῦ

147 2328 219 2398 θεοῦ,
234 2356 258 2388 κ.
273 2356 300 2387 π.
315 2342 341 2388 λ.
388 2333 490 2402 surina
511 2343 611 2392 autem
624 2330 706 2410 apud
718 2331 879 2409 Diphilum
891 2341 989 2404 vertas
998 2331 1069 2390 licet
1083 2324 1173 2408 Angl.
1186 2331 1285 2410 doyou

146 2424 233 2483 take?
272 2424 324 2484 Ad
341 2417 467 2484 formam
485 2426 713 2504 praepositionis,
734 2423 782 2505 ξθν
802 2425 982 2486 recentiores
1002 2426 1130 2485 comicos
1150 2445 1216 2484 raro
1233 2437 1286 2486 aut

146 2519 269 2579 fortasse
294 2540 449 2598 nunquam
469 2519 630 2590 admisisse,
657 2521 828 2580 observavit
845 2519 1011 2598 Walpolius
1037 2541 1068 2599 p.
1089 2519 1153 2584 116.
1194 2521 1285 2594 Quod

146 2614 318 2674 notandum.
358 2614 436 2674 Vide
449 2614 594 2675 Valcken.
608 2616 646 2674 ad
659 2615 767 2694 Eurip.
782 2614 886 2676 Phoen.
901 2624 967 2685 539.
1010 2663 1011 2666 .

205 2728 216 2758 ⁰
236 2728 355 2787 “Nihil
375 2738 644 2798 caussaeerat,eu1·
663 2731 714 2798 τῆς
738 2727 834 2786 uuerde
853 2727 1066 2804 corrigendum
1085 2727 1294 2807 suspicaretur>

147 2824 303 2902 Taylorus,
324 2823 356 2882 in
370 2823 474 2883 Indice
487 2824 526 2882 ad
537 2824 670 2903 Lysiam,
691 2844 721 2902 p.
735 2832 802 2894 928.
816 2823 863 2883 ed.
878 2822 981 2882 Reisk.
1021 2823 1234 2884 Percommode
1253 2835 1285 2884 et

145 2919 331 2982 accusativus
345 2939 429 2978 casus
442 2919 557 2998 positus
576 2930 630 2989 est,
644 2929 675 2979 et
691 2918 815 2997 pluralis
827 2919 998 2978 numerus.'’
1040 2918 1285 2978 scuwmonau-

146 3033 216 3072 sna.
256 3012 360 3085 ννκπθι,
380 3017 493 3094 absque
512 3015 647 3086 articulo,
669 3016 767 3074 bonus
781 3014 830 3074 ille
845 3014 1009 3086 Hertelius,
1030 3014 1063 3073 in
1083 3015 1219 3092 margine
1241 3015 1286 3074 sio

144 3120 267 3168 notans:
289 3109 353 3168 “al.
375 3109 428 3167 τοῖς
446 3109 569 3168 νῦκπαι.”
609 3111 726 3188 Nempe
751 3104 956 3188 paenultiinam
982 3111 1015 3168 in
1038 3108 1207 3167 λωποδυτεῖν
1228 3128 1285 3187 pro

144 3205 235 3283 longa
246 3205 414 3264 habendam
428 3226 491 3265 esse
504 3205 631 3284 putavit.
670 3205 887 3265 Accusativum
905 3205 1041 3266 defendit
1056 3205 1205 3264 Dobraeus
1217 3204 1284 3262 Ad-

145 3321 221 3360 vers.
235 3301 271 3359 T.
285 3299 328 3358 11.
338 3321 368 3379 p.
383 3308 430 3371 98.
481 3301 671 3359 Pherecrates
692 3300 774 3378 apud
800 3299 911 3360 Athen.
936 3300 994 3359 111.
1006 3320 1038 3379 p.
1054 3307 1100 3367 75.
1111 3299 1148 3357 Β.
1172 3296 1283 3358 κάθευδε

145 3393 199 3454 vde
218 3393 402 3476 μεσημβρίαι.
426 3394 478 3454 ubi
496 3413 652 3473 perperam
673 3394 858 3463 Dindorfius,
878 3405 946 3473 post
965 3393 1281 3472 Schweighaeuserum,

146 3491 197 3560 πῆι
218 3516 282 3563 μεν.
323 3491 423 3563 Quem
445 3489 545 3549 locum
569 3489 670 3548 attulit
687 3489 835 3548 Dobraeus
848 3489 867 3549 l.
881 3509 907 3548 e.
947 3489 996 3548 Sic
1017 3508 1108 3567 supra
1125 3487 1283 3546 Menandri

146 3587 265 3664 Fragm.
279 3587 336 3647 IX.
349 3594 377 3645 3.
397 3584 430 3643 od
442 3582 547 3644 στένειν
566 3584 571 3664 Ι
592 3582 645 3642 ποθι
658 3582 764 3642 νύκτας.
795 3583 885 3643 Plura
894 3583 964 3643 vide
977 3582 1059 3663 apud
1071 3582 1282 3660 Musgravium

145 3684 183 3743 ad
202 3684 309 3762 Eurip.
324 3683 524 3761 Hippclrsr.
545 3678 724 3739 Elmsleium
740 3680 778 3738 ad
796 3679 904 3740 Bacch.
919 3688 985 3748 722.
1024 3678 1202 3758 Shakspear.
1221 3679 1282 3737 The

149 3777 275 3858 Tmelfllt
300 3777 394 3857 Night
414 3776 438 3835 I.
457 3783 485 3836 3.
510 3774 562 3834 Sir
588 3765 677 3853 Tob'y,
698 3793 756 3853 you
777 3782 850 3832 must
870 3794 944 3833 come
963 3773 993 3832 in
1013 3772 1120 3832 earlier
1144 3772 1280 3852 angliis:

140 3895 216 3956 your
227 3872 324 3934 cousin
344 3893 390 3953 my
408 3871 476 3951 lady
492 3871 573 3930 tales
582 3877 667 3949 great
680 3867 839 3948 exceptione
851 3878 883 3929 et
891 3890 967 3949 your
979 3868 1013 3930 ill
1030 3869 1126 3930 hours.
1144 3867 1198 3927 ubi
1212 3868 1281 3932 edd.

144 3971 321 4032 recentiores
340 3968 463 4048 o’niglvts
488 3965 638 4036 exhibent,
660 3965 692 4024 in
718 3965 892 4043 analogiam,
916 3976 952 4024 ut
973 3965 1088 4044 opinor,
1113 3976 1280 4045 peccantes,

145 4088 221 4128 cum.
236 4066 346 4126 rectius
366 4084 420 4144 per
438 4083 457 4122 ιι
478 4063 633 4130 scribatur,
653 4060 778 4140 perinde
797 4049 887 4139 atque
901 4058 933 4123 iu
951 4059 1097 4120 vocabulo
1117 4060 1280 4142 moadeys.

145 4164 193 4224 Ita
219 4164 342 4223 Jonson.
369 4159 518 4241 Cynthie’a
545 4157 648 4219 Revela
668 4157 710 4216 11.
734 4165 760 4216 l.
781 4157 832 4216 He
857 4157 931 4215 lover
945 4159 980 4215 'to
1000 4157 1072 4216 haue
1090 4175 1109 4215 a
1125 4155 1239 4236 senaar,
1260 4179 1279 4217 u

142 4259 257 4338 pedoni,
282 4258 343 4318 aad
363 4277 382 4314 u
402 4254 622 4314 marisiensem
644 4253 675 4311 in
700 4251 746 4312 his
771 4249 887 4330 lodgt'ng
913 4249 1084 4329 emornings.
1126 4251 1227 4322 Porro,
1247 4252 1279 4311 in

146 4352 336 4432 Shakspearii
356 4352 429 4419 loeo,
451 4348 610 4428 receptione
632 4355 660 4408 to
681 4346 829 4415 recentius
849 4344 964 4406 editum
980 4356 1033 4415 est,
1057 4365 1124 4412 cum
1143 4357 1229 4420 ante,¹
1245 4359 1281 4416 ut
