2990 5010
481 390 984 442 sucuro-rusurensis.
1230 378 1294 446 109

164 576 210 636 vis
228 577 327 634 Strato
350 559 480 634 comicus
497 594 557 632 non
577 573 635 632 nisi
661 575 698 632 ab
725 592 786 631 uno
806 571 900 631 Suida
921 572 1029 632 diserte
1049 584 1296 633 commemoretur

163 673 247 749 (num
262 671 318 730 ‘ubi
343 681 487 750 praeterea
512 670 578 748 ejus
600 689 708 728 nomen
733 669 854 747 legitur,
881 669 924 728 ibi
951 680 1118 729 constanter
1144 668 1296 730 Strattidis

165 769 265 832 locum
279 766 462 845 occupavit),
476 777 508 826 et
526 765 662 843 quamvis
678 767 717 824 ob
734 786 797 824 eam
820 785 938 824 causam
952 786 1146 844 permagnam
1163 767 1200 825 de
1215 768 1297 826 Stra-

164 873 244 933 tone,
270 874 359 942 poeta
381 862 504 932 comico,
527 860 742 920 dubitationem
770 861 851 920 nasci
873 881 934 919 non
957 860 1090 932 diffitear,
1115 861 1146 920 in
1175 863 1227 921 illo
1250 874 1294 922 ta-

165 978 234 1019 men
254 958 393 1019 Athenoei
414 958 479 1017 loco
498 956 670 1036 Strattidem
696 957 916 1017 commemorari
943 957 1064 1016 omnino
1085 979 1146 1018 non
1164 961 1296 1037 potuisse

100 1057 106 1065 '
165 1054 335 1113 certissimis
361 1053 554 1129 argumentis,
581 1052 634 1110 ubi
658 1053 695 1111 sd
722 1053 827 1111 mediae
851 1053 1004 1111 comoediae
1028 1067 1147 1132 poetam
1173 1066 1296 1115 ventum

165 1150 266 1223 fuerit,
283 1150 579 1210 demonstrabimus.”
615 1150 762 1208 Mutuus.
804 1147 963 1226 Equidem,
980 1169 1049 1208 cum
1067 1149 1239 1222 Villoisono,
1253 1154 1296 1212 fa·

164 1244 244 1303 bulae
263 1264 372 1304 nomen
395 1243 589 1322 depravatum
612 1265 675 1303 esse
694 1264 812 1313 censeo,
839 1253 870 1302 et
889 1241 917 1301 ἐν
936 1245 1037 1302 Φοίνικι
1058 1265 1074 1304 e
1099 1245 1191 1304 Suida
1209 1267 1297 1327 repo·

165 1339 306 1398 nendum.
354 1339 537 1407 Phoenicem,
565 1338 740 1398 comoediam
766 1337 890 1408 Eubuli,
917 1340 1006 1398 semel
1033 1340 1169 1401 meminit
1187 1342 1297 1403 Athen.

166 1434 223 1493 IX.
245 1456 275 1514 p.
289 1443 355 1505 397.
369 1436 408 1493 A.
449 1434 540 1508 Quod
560 1435 599 1492 ad
621 1433 730 1492 fabulae
755 1443 906 1492 auctorem
926 1434 1040 1505 attinet,
1068 1436 1130 1494 sive
1155 1437 1181 1496 is
1207 1439 1298 1497 fuerit

166 1530 332 1599 Philemon,
354 1529 444 1606 (vide
467 1548 497 1586 α.
514 1529 552 1605 1.)
576 1529 637 1587 sive
664 1528 771 1597 Strato,
793 1527 899 1587 medioe
926 1528 1077 1587 comoediae
1098 1540 1195 1609 poeta,
1222 1542 1298 1592 teste

168 1626 268 1697 Suida,
288 1625 365 1685 illud
385 1626 489 1685 saltem
507 1624 576 1683 satis
594 1625 699 1702 liquet,
720 1623 870 1683 Strattidis
883 1643 992 1683 nomen
1007 1627 1044 1684 ab
1060 1625 1117 1685 hoc
1132 1627 1198 1687 loco
1212 1649 1297 1707 pror-

166 1741 216 1779 sus
242 1720 371 1780 alienum
394 1740 465 1779 esse.
511 1719 633 1778 Etenim
659 1719 767 1778 veteris
793 1718 945 1778 comoediae
971 1730 1059 1798 poeta
1083 1721 1142 1780 fuit
1169 1723 1297 1796 Strattis,

165 1835 221 1875 nec
244 1815 367 1875 Philetae
389 1813 612 1893 Glossogrsphi,
632 1815 670 1872 ob
690 1824 859 1892 temporum
879 1814 1031 1885 rationem,
1052 1816 1221 1878 meminisse
1242 1841 1296 1898 po-

165 1909 232 1968 tuit.
271 1909 422 1979 Ceterum,
445 1929 592 1969 unacum
616 1909 760 1967 Stratonis
784 1907 967 1978 Phoenicide,
989 1909 1114 1969 furcillis
1137 1912 1226 1971 etiam
1243 1915 1298 1994 eji-

166 2005 279 2064 ciendae
290 2014 367 2064 *sunt
384 2003 493 2063 fabulae
507 2002 745 2083 ψευδεπίγραφοι,
763 2003 889 2062 Cratetis
906 2003 1102 2082 Antiphanes,
1117 2007 1297 2086 Antiphanis

168 2100 324 2171 Timocles,
343 2100 493 2178 Epicratis
506 2099 673 2179 Epicrates,
692 2099 850 2157 Menandri
864 2098 1015 2178 Diphilus,
1034 2099 1212 2163 Philemonis
1228 2105 1297 2164 Phi-

167 2196 250 2254 letas.
281 2194 361 2254 Vide
381 2215 470 2273 supra
488 2195 526 2253 ad
540 2194 798 2271 CratetisFragm.
814 2194 854 2251 11.
868 2213 897 2252 n.
913 2203 938 2253 1.
959 2194 1091 2253 Meinek.
1105 2197 1144 2256 ad
1157 2198 1296 2259 Menand.

167 2313 198 2371 p.
210 2299 278 2354 223.
296 2299 362 2351 308.
386 2299 451 2352 405.
474 2302 505 2350 et
524 2291 636 2364 Quaest
652 2289 792 2348 Menand.
808 2309 838 2367 p.
853 2297 900 2348 54.
925 2290 1009 2350 Grot.
1029 2291 1104 2350 Exc.
1118 2311 1148 2370 p.
1161 2293 1230 2366 669.
1251 2297 1297 2354 in-

167 2383 215 2445 fra
230 2386 268 2445 ad
285 2385 470 2465 Appendicis
491 2386 608 2462 Fragm.
624 2385 648 2443 1.
663 2405 691 2443 n.
709 2393 733 2443 1.
774 2383 892 2456 Quibus
914 2384 1050 2444 addenda
1072 2397 1124 2458 est,
1146 2389 1178 2446 ni
1200 2391 1295 2463 fallor,

166 2467 385 2562 Aristophanis,
406 2481 454 2540 vel
474 2479 706 2558 Aristophontis,
730 2478 909 2551 Philonides,
928 2481 1014 2560 cujus
1034 2482 1170 2543 meminit
1185 2486 1296 2548 Athen.

169 2574 224 2636 XI.
234 2599 268 2657 p.
282 2585 349 2644 472.
360 2573 394 2635 C.
407 2587 438 2636 et
449 2586 593 2655 praeterea
605 2595 701 2634 nemo.

634 2833 835 2849 ..ὼ-ψ

519 3010 943 3089 THEOPHILUS¹.

176 3263 179 3268 .
220 3204 275 3276 Τίς
300 3210 384 3299 φησι
411 3203 487 3276 τούς
514 3198 656 3296 ἐρῶντας
681 3199 756 3296 οὐχὶ
782 3200 853 3272 νοῦν
881 3197 988 3299 ἔχεινς

175 3361 177 3364 -
216 3307 240 3396 ἦ
266 3309 330 3383 orori
356 3315 404 3388 ris
425 3312 500 3383 ἐστι
528 3309 603 3388 rosis
626 3309 766 3405 τρόπους
788 3309 983 3411 ἀβέλτερος.

218 3436 247 3503 ei
278 3429 348 3527 ’γὰρ
372 3428 494 3529 ἀφέλοι
522 3460 571 3501 τις
597 3434 659 3500 τοῦ
687 3429 763 3516 βίον
791 3430 853 3503 τοὶς
879 3427 1018 3519 ἡθονοῖςε,

175 3551 179 3557 ’
219 3545 433 3619 καταλείπετ’
460 3540 549 3618 οὐδὲν
573 3542 659 3618 ἄλλο
685 3545 789 3628 ντλῆν3
815 3547 1012 3631 τεθνηκέναι.

219 3661 290 3758 e’ryd
312 3663 371 3746 μὲν
402 3658 455 3735 οὖν
480 3660 599 3738 κου’τός
626 3663 848 3759 κιθαριστρίας
871 3661 983 3762 lpus&

220 3774 335 3854 nasddc
362 3778 466 3877 κόρης,
495 3779 530 3850 ον’
562 3784 633 3850 νοῦν
655 3773 725 3875 ἔχιν
754 3776 835 3876 τρθς
866 3787 932 3854 τῶν
956 3786 1056 3861 desim

220 3895 334 3969 κάλλει
357 3905 465 3982 καλῆς,
490 3893 624 3990 μεγέθει
642 3893 802 3989 μεγάλης,
826 3896 930 4000 τέχνῃ
955 3899 1092 3996 σοφῆςῧ·

221 4013 256 4101 ἦν
280 4014 350 4086 ἐστ’
373 4009 450 4086 ἰδεῖν
475 4009 577 4101 ἥδιον6
600 4011 619 4098 ἣ
645 4013 686 4082 τδ
709 4011 872 4109 θεωρικὸν7

180 4136 184 4144 ’
219 4128 352 4229 ἔχουσιν
381 4131 452 4217 ὑμῖν
478 4126 633 4214 διανέμειν
657 4127 830 4202 ἑκάστοτε.

873 4255 1098 4326 ΦΙΛΑΥΛΩι.

694 4361 789 4439 Apud
801 4364 928 4423 Annon.
943 4363 1033 4424 XIII.
1047 4386 1077 4444 p.
1092 4366 1158 4430 563.
1172 4372 1210 4431 A.
1220 4373 1256 4432 Β.
