3060 5030
234 285 276 346 12
376 302 623 354 cou1couuu
663 305 904 356 ‹rnnconuu
942 307 1213 356 rnnuuuuus.

230 499 356 577 Gregor.
371 519 400 578 p.
409 499 476 570 469.
510 499 571 558 Pro
584 496 675 568 πάντη
689 499 789 579 τνχδν,
804 500 1014 581 Daleeampius
1027 501 1369 581 (inquitSehweighaeu-

231 595 326 672 serus)
338 593 431 676 πάντῃ
445 593 658 672 xaxdnlegerat,
673 594 705 652 in
716 594 792 654 hane
805 597 994 656 sententiam:
1007 597 1076 657 muli
1085 618 1209 678 prorsus
1221 596 1368 678 quidpiam

229 689 300 748 mihi
319 689 498 769 conflaturus
522 710 561 760 es,
590 688 682 748 Sosia.
724 690 858 769 Corayus
876 693 928 751 tali
949 694 1079 772 quodam
1098 695 1187 753 modo
1206 694 1368 771 legendum

230 787 450 866 suspicabatur:
465 784 506 842 Ὦ
523 786 619 842 Σωσία
638 783 731 854 πάντη
749 785 811 867 (vel
828 784 952 864 udan-ns)
971 786 1043 858 δίκην
1061 787 1153 847 δώσειν
1169 788 1245 862 ἔμοίτ
1265 788 1315 847 vel
1327 787 1367 845 Ὦ

228 884 325 941 Σωσία
338 881 409 962 τάχ’
420 879 455 938 dv
471 879 544 950 δίκην
559 878 650 939 δόσεις
664 879 735 953 ἐμοί.
770 881 865 942 Totus
882 885 965 943 locus
983 884 1026 944 sie
1042 884 1167 946 fortasse
1185 885 1366 944 constituen-

229 978 285 1038 dus
298 988 358 1038 est:
380 977 428 1035 oia
439 975 518 1037 ἔστιν
531 975 552 1034 δ’
564 975 640 1057 ἔχειν
654 975 659 1057 Ι
672 978 779 1047 ταύτην
789 976 931 1059 ἑτέρωθεν,
940 979 970 1039 ἐκ
984 979 1014 1038 δὲ
1025 983 1078 1039 τοῦ
1089 980 1304 1062 ζῆνπαγκᾶλυτ.
1325 982 1364 1039 Α.

219 1073 261 1136 Ὦ
281 1078 387 1145 Σωσία,
408 1074 500 1144 πάντη
522 1073 557 1132 mi
576 1073 602 1148 γ’
621 1072 741 1133 initiunt
760 1074 829 1148 ε’μοῖ.
851 1075 856 1156 Ι
876 1075 993 1158 ἑόρακαν
1016 1076 1062 1135 οὖν
1079 1077 1240 1156 φιλόσοφον
1263 1090 1364 1138 rumh.

225 1172 302 1230 hane
324 1169 532 1250 (voluptatem)
556 1177 648 1228 autem
670 1169 787 1229 aliunde
808 1170 932 1250 adipisci
956 1193 1009 1231 non
1033 1172 1108 1243 licet,
1132 1195 1217 1254 qaam
1240 1194 1274 1232 ee
1297 1173 1365 1232 hene

224 1265 353 1328 uiuendo.
371 1265 412 1325 A.
441 1264 486 1325 0!
511 1263 607 1335 Sosia,
631 1272 662 1324 ta
684 1286 814 1346 pransae,
835 1275 945 1326 mutata
965 1269 1115 1339 sententia,
1137 1269 1207 1328 mihi
1227 1268 1366 1328 concedas

225 1381 337 1421 neeesse
359 1370 409 1420 est.
452 1357 586 1418 Vidistin'
608 1379 676 1439 ergo
697 1359 897 1440 philosophum
920 1364 973 1422 &a
1014 1362 1102 1423 Tune
1127 1363 1156 1422 ἐκ
1183 1363 1211 1422 δὲ
1237 1364 1290 1422 τοῦ
1314 1364 1365 1444 ζῆν

224 1457 336 1517 valebit
358 1462 381 1514 εἷ
402 1453 441 1529 μή
462 1453 491 1514 ἐκ
515 1455 568 1512 τοῦ
591 1454 649 1537 ζῇν,
676 1476 743 1534 quae
766 1457 914 1534 ipsissima
933 1459 1025 1518 verba
1048 1469 1118 1518 sunt
1139 1458 1362 1538 Epitomatoris.

224 1554 328 1614 Potest
350 1563 381 1614 et
402 1553 472 1632 legi,
501 1553 581 1612 salva
604 1553 762 1612 sententia:
789 1553 819 1613 ἐκ
843 1553 872 1614 δι’
892 1555 946 1612 τοῦ
968 1555 1019 1637 ζῇν
1041 1558 1191 1629 ταγκαλῶν
1216 1556 1221 1636 I
1245 1555 1274 1616 ei
1297 1555 1363 1638 ζαῖσ’

222 1649 356 1712 ἅπαντες.
385 1647 404 1720 ἧ
426 1647 461 1707 ni
483 1648 507 1722 γ’
529 1647 649 1708 indeiecta
672 1647 750 1722 ipoi3
779 1647 784 1729 1
807 1652 845 1709 Α.
868 1647 985 1731 ἑόρακας
1008 1649 1054 1710 οὖν
1076 1651 1236 1730 φιλόσοφον
1259 1680 1283 1710 κ.
1294 1679 1323 1711 τ.
1333 1667 1360 1712 λ.

223 1753 251 1803 et
274 1765 309 1803 ee
333 1743 402 1803 bene
425 1742 542 1802 uiuendo
564 1751 640 1801 reete
662 1741 760 1801 uiuunt
783 1763 886 1802 amnes.
930 1745 1012 1803 Tune
1034 1745 1086 1804 hoe
1109 1743 1178 1804 mihi
1203 1745 1360 1805 concedes?

223 1839 262 1898 A.
284 1836 362 1903 Quid
369 1837 386 1895 9
406 1835 539 1896 vidistine
555 1834 752 1916 philosopham
773 1839 826 1895 dre.

301 1949 498 2009 ‘Menander
515 1947 597 2027 apud
615 1947 699 2008 Stob.
717 1949 871 2028 (Append.
892 1949 1012 2027 Fragm.
1033 1951 1120 2009 XIX.
1140 1952 1181 2027 3.)
1202 1949 1282 2008 τοῦτ’
1304 1947 1361 2021 ἠδί-

223 2071 311 2118 κηκεν,
341 2041 374 2104 οὗ
403 2042 494 2126 τυχδν
521 2041 736 2120 μεταλήψεται.
786 2042 875 2103 Adde
902 2044 1062 2104 Menandri
1089 2046 1210 2124 Fragm.
1230 2045 1305 2106 VII.
1332 2053 1359 2112 7.

223 2142 391 2221 conjuncte
418 2138 509 2220 τνχδν
534 2141 598 2197 ἴσως
622 2139 770 2199 TimoeIes
789 2139 900 2198 Athen.
921 2139 1010 2199 VIII.
1033 2160 1064 2219 p.
1088 2149 1155 2211 339.
1180 2141 1217 2200 Ε.
1245 2140 1360 2201 Pseud-

222 2237 422 2318 EpIcharmus
440 2235 473 2295 in
492 2234 654 2294 Gaisfordii
672 2234 849 2318 Appendiee
867 2235 906 2294 ad
924 2235 1006 2294 stou.
1027 2257 1057 2314 p.
1073 2244 1118 2297 10.
1158 2235 1239 2296 Vide
1258 2236 1359 2297 Schol.

220 2335 260 2396 ad
279 2334 434 2413 Aristoph.
456 2331 536 2390 Plut.
556 2341 604 2393 25.
629 2332 752 2392 Dobroei
771 2330 899 2392 Advers.
921 2332 957 2392 T.
970 2332 996 2391 I.
1016 2354 1046 2413 p.
1060 2333 1126 2394 465.
1146 2333 1190 2392 ΙΙ.
1209 2356 1239 2414 p.
1256 2343 1323 2396 130.

298 2441 710 2524 ’’(80111101101111ἑώρακας]ι
749 2443 910 2504 DINDORF.
946 2442 1064 2525 ἑόρακας
1077 2446 1167 2505 etiam
1179 2445 1357 2526 Walpolius,

220 2565 239 2603 a
265 2543 408 2611 Por-sono,
435 2551 470 2600 ut
495 2539 624 2610 videtur,
654 2539 793 2600 monitus.
842 2539 1006 2600 Menander
1032 2542 1114 2620 apud
1139 2539 1293 2603 Plutarch.
1320 2542 1358 2604 de

220 2639 317 2700 Divit.
335 2638 449 2698 Amore
468 2656 498 2715 p.
516 2645 583 2698 525.
605 2638 643 2695 Α.
663 2634 823 2708 Ἄπολλον,
848 2635 997 2718 ἀνθρώπων
1019 2637 1069 2695 τιν’
1092 2637 1262 2719 α’θλιότερον
1283 2639 1289 2719 Ι
1311 2639 1357 2700 s’o'-

218 2757 322 2818 pasae;
356 2733 404 2794 lta
429 2732 500 2794 citat
526 2731 676 2792 Porsnnus
701 2732 740 2792 ad
767 2733 871 2812 Eurip.
900 2731 1005 2792 Phoen.
1036 2733 1119 2801 1367.
1159 2734 1237 2795 Vide
1260 2735 1356 2795 Kidd.

217 2829 258 2890 ad
281 2829 399 2890 Dawes.
424 2849 454 2908 p.
477 2835 542 2900 379.
595 2835 616 2863 “
630 2828 667 2887 In
698 2827 854 2908 Posidippi
883 2828 949 2887 Iueo
979 2828 997 2885 ὁ
1023 2827 1063 2903 μή
1093 2830 1249 2888 renuendi
1281 2831 1356 2892 odiis

215 2923 334 3006 ἐν’ρὲικεν
360 2922 453 2996 nands,
476 2921 684 3002 reponendum
707 2921 829 3003 ἑόρακεν.
870 2923 974 2982 Altera
998 2923 1094 2983 forma
1118 2926 1284 3003 optandum
1309 2939 1354 2988 est

217 3029 254 3080 ut
285 3019 407 3079 tandem
432 3016 592 3096 aliquando
624 3037 661 3077 ex
686 3015 798 3076 Atticis
826 3017 1021 3096 scriptoribus
1053 3019 1174 3078 omnino
1205 3021 1354 3081 tollatur.”

217 3111 372 3172 Mururx.
406 3110 501 3187 (Vide
522 3111 601 3170 infra
622 3110 661 3170 ed
685 3109 866 3170 Phoenieidae
889 3110 1008 3188 Fragm.
1029 3131 1058 3170 n.
1079 3112 1120 3189 5.)
1152 3111 1255 3194 ἑόρακα
1282 3135 1352 3176 vere

217 3207 353 3269 Atticum
372 3225 437 3266 esse
455 3215 539 3265 notat
557 3205 646 3264 etiam
667 3205 776 3283 Reisig.
797 3205 968 3284 Conjectan.
988 3205 1020 3264 in
1039 3205 1193 3288 Aristoph.
1213 3229 1244 3288 p.
1257 3217 1304 3277 73.

294 3321 315 3352 ¹⁰
334 3317 515 3393 κηκλοῦμενον
535 3318 688 3389 Moschus,
711 3337 809 3378 errore
828 3319 1001 3398 typothetae,
1023 3321 1104 3399 quod
1124 3322 1155 3380 In
1175 3323 1352 3398 κυκλούμενον

213 3429 324 3479 umere
347 3415 474 3476 mutavit
497 3414 651 3475 Hertelius
675 3434 707 3493 p.
726 3422 792 3474 824.
817 3414 946 3475 reddens
971 3423 1138 3476 uersantem.
1176 3418 1229 3477 Ad
1252 3422 1351 3491 κηλού-

212 3539 293 3586 μενον
310 3521 393 3572 notat
413 3511 552 3570 Grotius:
580 3509 735 3570 “Retineo
754 3509 830 3570 hane
850 3509 1015 3584 lectionem,
1041 3531 1096 3572 nee
1117 3513 1260 3574 assentior
1282 3536 1349 3576 mu.

212 3609 288 3671 tanti
300 3609 333 3670 111
350 3605 554 3680 κνκλοῦμενον.”

291 3721 309 3752 ¹¹
330 3720 396 3794 ’γοῦν
414 3717 524 3779 Athen.
541 3738 574 3796 p.
591 3725 655 3778 108.

291 3833 311 3864 ¹¹
331 3831 436 3912 Eurip.
449 3829 569 3906 Fragm.
586 3827 644 3890 ine.
662 3828 726 3906 (alii
745 3829 912 3889 Menandro
928 3829 1075 3899 tribuunt,
1093 3831 1142 3890 alii
1162 3831 1346 3918 Philistionn

211 3947 242 4006 p.
258 3935 321 4000 129.
347 3926 486 3987 Dindorf.
507 3921 595 4006 dippiv
607 3950 640 3985 τε
656 3925 739 4006 μείζω
752 3929 803 3996 τῆς
819 3925 907 4006 τύχην
922 3923 1077 4004 ἐπηρκότα.
1117 3927 1245 4006 Amphis
1264 3931 1345 4010 apud

211 4023 311 4082 hert·
324 4023 386 4084 Vit.
399 4023 474 4082 Pht.
488 4021 596 4082 collato
612 4019 708 4080 suida
726 4021 758 4080 In
779 4017 986 4102 σκυθρωπᾶζωε
1006 4017 1028 4079 ι’
1047 4019 1179 4093 Πλάτων,
1194 4022 1199 4103 Ι
1215 4023 1250 4082 u's
1270 4023 1346 4086 otidis

211 4117 296 4178 οἶσθα
315 4117 388 4190 their
407 4115 613 4202 σκυθρωπάζειν
630 4115 722 4190 μόνον,
749 4116 755 4197 Ι
775 4115 872 4196 ὅσπερ
892 4121 1009 4198 κοχλίαν
1030 4118 1131 4190 σεμναῖς
1149 4117 1272 4202 impetit
1293 4121 1345 4182 nde

209 4213 305 4296 ὀφρῦν.
341 4213 441 4286 Quem
465 4215 564 4276 Iocum
591 4212 783 4293 Aristophani
809 4231 966 4293 perperam
989 4212 1094 4273 tribuit
1114 4213 1155 4272 II.
1177 4214 1345 4295 Stephanus

211 4307 300 4370 Thes.
317 4307 371 4366 Gr.
389 4307 476 4386 LIng.
497 4310 529 4370 in
548 4305 745 4390 σκνθρωτάζω.
787 4307 928 4368 Menand.
949 4306 1030 4386 apud
1048 4308 1155 4368 Donat.
1173 4309 1205 4370 iu
1223 4311 1342 4374 Terent.
