3060 5030
682 309 877 359 aurosus.
1325 289 1357 372 7

199 482 268 561 ejus
281 481 416 544 nondum
428 486 590 565 evulgatis)
604 503 642 546 ea
655 485 819 566 exemplari
834 484 934 546 Grotii
948 485 1177 565 dirempturum,
1191 485 1224 544 in
1237 484 1351 564 pluteis

199 579 400 641 Bibliotheeae
412 582 487 641 Coll.
502 582 586 642 Trin.
599 583 687 642 cant
705 593 864 644 asservato.
904 582 1026 662 Nempe
1038 599 1113 652 erm,
1134 579 1268 660 penicilli
1280 601 1351 661 ope,

200 675 235 733 in
248 693 309 735 uno
322 695 358 736 ex
372 671 460 747 foliis,
475 693 542 756 quae
555 678 645 738 titulo
656 678 781 757 prefixa
793 688 873 749 sunt,
890 695 945 738 sua
957 677 1052 756 ipsius
1065 694 1156 736 manu
1169 679 1351 736 exaraverat

203 769 242 829 In
259 773 365 831 eodem
382 773 456 832 folio
471 793 489 832 a
507 772 581 832 Viro
599 793 716 832 summu
734 771 823 834 etiam
841 774 901 833 alia
917 773 1054 832 similiter
1071 770 1213 851 penicillo
1229 778 1351 830 exarata

201 877 248 925 est
264 878 343 937 nots,
358 887 448 945 quam
464 867 523 938 hic,
539 869 676 947 quamvis
694 889 711 927 a
728 889 762 928 re
778 880 880 928 nostra
895 868 1030 939 alienam,
1045 887 1081 927 eo
1092 878 1193 926 tamen
1204 865 1353 926 libentius.

202 963 431 1041 imprimendam
449 966 570 1034 eurabo,
588 965 671 1043 quod
687 974 785 1026 totum
803 964 910 1024 folium
930 985 948 1023 a
968 963 1159 1043 glutinatum,
1178 962 1252 1022 dnm
1272 962 1349 1021 liber

202 1059 241 1119 de
254 1081 332 1120 novo
345 1062 601 1140 compingebatur,
616 1063 747 1124 deletum
765 1075 870 1142 postea
887 1055 1116 1142 comperiebam.
1156 1057 1232 1120 Erat
1247 1069 1351 1119 autent

202 1155 276 1226 inec,
291 1166 320 1215 et
333 1156 465 1217 adhunc
478 1151 602 1216 modum
615 1172 769 1238 expressa:

424 1277 445 1305 “
458 1269 531 1347 Png.
545 1273 611 1337 507.
624 1270 644 1328 l.
660 1275 705 1330 11.
721 1269 899 1331 Scholiastes
912 1269 1049 1328 Venetus
1062 1267 1101 1326 ad
1114 1263 1216 1326 Imsn.
1231 1265 1266 1323 B.
1281 1269 1349 1326 535.

243 1389 275 1436 γε
295 1389 351 1420 πον
368 1363 423 1422 ’σπι
514 1363 636 1445 Ἀργεῖοι
658 1363 685 1424 δε
699 1363 761 1439 μέγ’
781 1357 893 1446 ἴαχον.)
915 1361 974 1422 οἷον
995 1363 1062 1446 γᾶμ,
1080 1361 1162 1441 ppei,
1184 1363 1262 1430 ποῦς,
1288 1367 1352 1452 zo}

507 1498 546 1561 ον
573 1471 618 1562 '‘-ai
643 1471 773 1545 γλαῖσσα,
800 1473 963 1554 κᾶνθριίπον
990 1445 1084 1548 diodus,
1114 1445 1348 1533 καπᾶῑιίπολιν.

243 1603 271 1650 ep
515 1577 534 1636 δ
554 1579 604 1652 μὲν
627 1579 682 1661 γοῖμ
707 1577 805 1652 λέγων,
829 1579 980 1657 φεύγωμεν,
1003 1578 1171 1661 α’νᾳπτὲρθῗ·
1199 1578 1217 1636 ὅ
1240 1575 1279 1650 Bi,
1302 1575 1353 1651 ue'·

516 1712 608 1759 νωμεν,
642 1688 737 1746 πείθει.
772 1685 830 1761 ἅμα
868 1685 898 1747 te*
929 1687 973 1745 καί
1008 1686 1047 1745 nd
1078 1685 1262 1762 παλίμβολον
1295 1688 1354 1746 τῶν
1448 1761 1450 1768 Ι

516 1779 605 1853 δήμων
623 1780 777 1855 ἐσήμαινεν.

404 1855 470 1954 oio'p
492 1878 522 1950 γε’
541 1903 594 1936 πον
613 1878 670 1936 ’σπι
691 1883 811 1953 γλῶσσα
831 1875 996 1958 καμθροίπον
1017 1875 1102 1952 λόγος
1123 1876 1191 1936 MS.
1213 1874 1354 1937 Townll'

203 1987 315 2046 Confer
334 1988 488 2067 Aristoph.
505 1989 624 2048 Thesm.
640 1998 689 2050 21.
707 1991 761 2050 ubi
782 1987 840 2048 οἷόν
858 1987 892 2063 γέ
912 2015 975 2060 που,
994 1998 1030 2048 ut
1043 1989 1172 2060 videtur,
1188 1988 1351 2062 Porsonus‚

203 2103 260 2162 pro
286 2084 410 2161 vulgato
436 2082 493 2142 οἷόν
520 2084 552 2144 τέ
578 2111 641 2158 που,
668 2087 802 2165 itemque
829 2085 993 2144 Dobraeum
1016 2085 1055 2144 ad
1082 2085 1206 2144 Personi
1232 2087 1351 2145 Aristo-

204 2177 293 2256 phan.
313 2199 345 2257 p.
360 2187 427 2249 209.
447 2179 642 2258 ejusdemque
663 2180 769 2239 collat.
792 2181 899 2260 Suppl.
919 2202 951 2260 p.
967 2178 1045 2260 (95).
1086 2180 1230 2240 Servatur
1250 2192 1352 2242 autern

205 2273 421 2350 Fragmentum
445 2273 612 2353 Eupolidis,
638 2295 698 2353 qno
720 2285 835 2354 spectat
854 2285 925 2334 nota
946 2274 1138 2346 Porsoniana‚
1158 2275 1249 2334 etiam
1269 2275 1353 2355 apud

205 2370 343 2428 Eustath.
364 2371 403 2429 ad
425 2370 459 2429 Il.
482 2371 517 2428 B.
541 2379 606 2432 333.
628 2393 659 2451 p.
678 2380 741 2439 175.
762 2381 811 2433 21.
829 2372 898 2431 Bas.
919 2383 1064 2452 notatque
1085 2372 1237 2431 Porsonus
1258 2371 1354 2454 (apud

206 2467 384 2544 Dobraeum)
416 2466 522 2526 Traeis
546 2488 576 2546 p.
598 2475 666 2536 207.
694 2469 771 2528 male
796 2488 859 2528 rem
885 2469 1021 2546 gessisse
1039 2466 1179 2528 Gratiam
1205 2468 1355 2548 Excerpt.

194 2583 235 2641 .p.
251 2571 318 2630 507.
339 2564 431 2622 verba
452 2563 602 2622 Eustathii
625 2564 657 2642 (i.
672 2584 698 2623 e.
722 2564 909 2642 Scholiastae)
932 2585 1002 2625 eum
1023 2565 1186 2644 Eupolidis
1206 2585 1297 2626 versu
1315 2566 1353 2625 ad

204 2660 286 2718 hunc
298 2658 422 2717 modum
438 2660 686 2739 conjungentem:
709 2657 767 2718 οἷόν
784 2657 817 2734 γε’
833 2687 888 2718 πον
902 2659 940 2741 {ri
958 2659 1079 2733 γλοῖσσα
1096 2659 1263 2740 πᾶνθροίπον
1275 2661 1354 2735 'uram

204 2757 283 2834 εἴπερ
296 2753 314 2811 ὁ
326 2753 374 2828 μὲν
386 2752 481 2828 λέγων,
497 2752 667 2835 Ιφείγυμεν,
681 2753 849 2831 ἀναπτεροῖ·
870 2754 888 2812 u'
900 2754 922 2812 δ’
932 2753 967 2813 uri
980 2756 1066 2814 πείθει
1080 2753 1177 2830 λέγων,
1192 2755 1198 2836 Ι
1210 2759 1354 2831 μίμνομεν.

195 2851 266 2916 ,Sed
280 2869 336 2915 nee
356 2871 419 2909 rem
438 2852 535 2911 multo
554 2852 661 2910 melius
674 2851 768 2929 gessit
785 2852 953 2911 Runkelius
970 2872 1001 2931 p.
1019 2851 1085 2920 167.
1107 2852 1234 2912 Porsoni
1252 2854 1357 2914 admo-

207 2946 319 3005 nitione
345 2947 467 3025 penitus
492 2948 638 3026 neglecta,
662 2946 898 3026 Scholiastaeque
918 2946 984 3007 loco
1005 2948 1047 3007 sic
1067 2959 1212 3028 conceptu
1226 2959 1258 3010 et
1275 2950 1357 3010 ordi-

208 3051 294 3102 nato:

403 3147 420 3172 “
436 3136 506 3196 Οἷδν
526 3137 558 3213 γε’
576 3139 631 3197 πού
648 3137 704 3196 ’στι
727 3139 847 3210 γλῶσσα
869 3135 1032 3219 κᾶνθροίπου
1052 3139 1146 3213 λόγος,

206 3233 283 3294 κατα
302 3233 354 3292 πον
375 3231 507 3292 Εὔπολιν·

433 3327 468 3386 'O
489 3328 537 3403 μὲν
556 3329 612 3412 γᾶμ
633 3327 722 3404 λέγων
741 3328 885 3408 φεύγωμεν
904 3327 1071 3408 ἀναπτεροῖ,

432 3425 468 3483 Ὁ
489 3425 519 3484 δὲ
537 3426 655 3500 μένωμεν
674 3428 772 3485 πείθει.

204 3537 263 3610 ἅμα
278 3537 307 3597 δὲ
320 3538 363 3597 καί
377 3538 415 3596 ‘ro‘
428 3537 609 3614 παλίμβολον
621 3543 678 3598 τῶν
694 3537 783 3612 δήμων
795 3536 958 3609 ἔσήμανεν.”
1001 3536 1128 3615 Ruspina
1142 3536 1190 3596 vel
1203 3536 1353 3595 deterius:

205 3629 263 3690 οἷόν
283 3657 315 3705 γε
336 3631 391 3690 ποιί
406 3632 464 3691 ’σπι
484 3636 605 3706 γλόσσα
626 3631 788 3713 κᾶνθμοίπου
806 3631 900 3706 λόγος.
917 3630 923 3712 Ι
941 3629 959 3688 α’
975 3632 1023 3705 μὲν
1041 3629 1097 3710 γαρ
1118 3630 1165 3689 οὖν
1182 3628 1270 3704 λέγων
1287 3629 1355 3709 φεί-

206 3753 296 3801 γωμεν
314 3728 479 3810 οἷναππεμοΐ,
494 3727 534 3811 Ιὸ
554 3725 576 3786 δ’
593 3726 628 3785 αὖ
645 3725 731 3802 λέγων
752 3730 887 3802 μίμνομεν
907 3726 1049 3786 α’ναπείθει
1070 3724 1194 3806 [θαμοί.]
1236 3728 1354 3806 Nempe

205 3821 264 3894 hic,
278 3842 348 3902 quoe
361 3824 453 3882 verba
466 3823 543 3882 κατά
555 3821 680 3881 Εὔπολιν
692 3823 857 3902 excipiunt,
874 3821 912 3880 ad
927 3823 1012 3880 πείθει
1026 3842 1132 3900 usque,
1150 3819 1235 3881 malis
1248 3823 1355 3884 avibus

206 3918 238 3975 in
255 3919 348 3978 malos
365 3918 494 3978 senarios
511 3918 684 3998 dispescuit,
703 3918 794 3978 etiam
812 3918 954 3997 spondaeo
970 3918 1003 3977 in
1021 3927 1158 3997 quartem
1175 3916 1278 3998 sedem
1296 3919 1353 3977 im-

206 4013 305 4084 misso,
336 4025 485 4092 anapaesto
510 4024 610 4074 autem
631 4015 752 4073 incertae
775 4013 959 4072 auctoritatis
976 4013 1009 4072 in
1030 4011 1175 4090 quintam,
1197 4013 1355 4098 formaque

207 4108 291 4188 spica
315 4112 452 4182 μίμνομεν
476 4109 508 4167 in
529 4130 649 4169 versum
670 4110 832 4169 iambicum
851 4110 988 4169 Atticum
1009 4105 1113 4184 (prout
1126 4108 1235 4186 voluit)
1253 4109 1352 4181 illata;

206 4203 257 4264 ille
275 4227 309 4264 ea
327 4204 398 4278 ὅμως
418 4203 450 4278 γε’
466 4231 523 4264 πως
543 4206 575 4265 in
597 4205 738 4265 mutilum
759 4203 917 4275 senarium,
932 4215 961 4264 et
975 4213 1091 4282 partem
1103 4201 1235 4278 alterius,
1256 4217 1352 4266 trans·

208 4300 355 4378 figuravit.
393 4303 508 4362 Neuter
522 4301 599 4362 vidit
611 4321 672 4360 non
687 4299 839 4379 Eupolidi,
855 4300 908 4360 sed
923 4297 1093 4360 Scholiastae
1105 4300 1265 4362 tribuenda
1279 4322 1351 4363 esse.
