2990 5010
222 369 288 435 150
382 381 629 430 COMIOORUM
659 379 894 429 GRAECORUM
924 377 1195 427 FRAGMENTA.

221 560 388 632 τετύκοντο,
409 572 439 620 et
460 559 669 620 consimilium.
710 561 818 618 Forma
837 570 935 618 autem
961 557 1068 630 κεκόμω
1088 559 1228 637 protinus
1257 559 1381 638 forcipe

223 659 391 736 pressanda
418 669 472 727 est,
503 658 698 734 Homeroque
725 654 892 724 eximenda,
915 655 1029 734 quippe
1052 675 1121 732 quae
1144 675 1182 713 ex
1211 656 1381 734 utriusque

223 753 281 812 loci
302 774 395 832 prava
415 753 552 820 lectione,
572 763 714 829 tanquam
736 771 772 809 ex
793 750 981 830 sterquilinio
1008 751 1150 827 quodam,
1173 760 1240 809 orta
1261 751 1303 809 sit
1332 763 1380 809 at-

220 869 282 927 que
302 858 451 928 generata
492 847 572 905 Nam
596 867 694 924 neque
718 866 844 924 usquam
871 846 943 905 alibi
969 847 1109 916 occurrit,
1136 865 1192 906 nec
1219 847 1289 927 ejus
1310 867 1380 906 me·

222 944 312 1003 minit
332 942 513 1022 Hesychius,
537 941 589 1000 sed
611 941 807 1000 Grammatici
828 941 952 1000 seriores
972 951 1098 1000 tantum.
1140 941 1189 1000 sic
1216 951 1248 1000 et
1275 941 1314 1000 11.
1338 943 1378 1000 Φ.

219 1047 290 1106 575.
321 1035 383 1097 οὖδέ
404 1065 432 1096 τι
453 1037 529 1117 θυμῷ
547 1035 552 1116 Ι
574 1036 689 1116 ταρβεῖ,
708 1034 771 1095 ου’δὲ
791 1035 939 1113 φοβεῖται,
959 1034 1022 1095 ἐπεί
1042 1061 1086 1094 κεν
1105 1034 1233 1110 όλαγμόν
1248 1035 1377 1116 deniq.

223 1134 293 1194 Alia
306 1135 443 1212 exempla
456 1133 693 1212 suppeditabunt
705 1132 807 1210 Heyn.
826 1133 866 1191 ad
882 1132 918 1191 11.
933 1135 971 1192 A.
987 1131 1052 1193 168.
1073 1132 1229 1192 Thiersch.
1246 1133 1302 1192 Gr.
1316 1135 1377 1193 Gr.

222 1229 251 1305 ξ.
265 1229 463 1289 cccxxlv.
478 1237 504 1288 5.
519 1229 547 1289 6.
589 1228 681 1300 Quod
694 1228 733 1286 ad
746 1227 819 1286 ὅταν
832 1238 863 1287 et
874 1226 989 1285 όπόταν
1001 1227 1116 1297 attinet,
1131 1227 1286 1307 equidem,
1299 1250 1377 1289 curn

220 1329 366 1396 ‘Porsono,
387 1325 441 1404 qui
459 1325 503 1383 nil
518 1325 551 1383 in
568 1325 675 1384 harum
692 1323 909 1403 particularum
925 1324 1075 1402 scriptura
1086 1325 1266 1384 mutandum
1283 1325 1376 1396 vidit,

218 1422 408 1483 usitatiorem
428 1421 741 1482 scribendi-rationem
760 1430 931 1480 constanter¹
948 1421 1123 1481 retinuerim
1133 1443 1150 1493 3·
1164 1421 1258 1500 idque
1278 1443 1317 1482 eo
1333 1423 1375 1480 li-

221 1519 353 1590 ·bentius,
372 1517 444 1576 dum
462 1517 693 1596 compositarum
712 1515 929 1594 particularum
950 1515 1081 1575 indolem
1096 1526 1127 1576 et
1148 1517 1279 1596 liguram
1301 1539 1374 1598 per-

222 1609 333 1691 pendo,
357 1633 432 1692 quas
450 1613 484 1671 in
503 1614 638 1690 linguam
657 1631 751 1681 suam,
769 1631 806 1670 ex
828 1611 1005 1670 Graecorum
1021 1611 1198 1681 imitatione,
1219 1612 1375 1674 induxere

223 1709 324 1768 Latini
343 1719 467 1778 veteres,
490 1708 601 1787 quibus
621 1727 682 1765 uon
705 1707 803 1764 solum
824 1705 942 1765 codices
963 1707 1085 1767 Graecos
1106 1707 1196 1786 longe
1215 1708 1373 1788 longeque

222 1803 416 1882 antiquiores,
438 1824 529 1883 quam
549 1803 603 1882 qui
620 1802 660 1862 ad
680 1815 811 1861 nostram
829 1812 946 1862 aetatem
964 1815 1177 1881 pervenerunt,
1194 1805 1373 1865 excutiendi

222 1899 349 1959 facultas
361 1901 430 1970 fuit,
446 1899 499 1959 sed
514 1909 627 1958 etcum
641 1898 756 1956 Graecis
773 1897 856 1976 ipsis,
876 1899 997 1976 vigente
1016 1898 1115 1958 adhuc
1131 1899 1237 1978 lingua
1250 1901 1371 1970 Groeoe,

222 1996 408 2057 consuetudo
421 1997 560 2074 quaedam
574 1994 749 2073 quotidiana
761 2014 796 2053 ac
809 1994 971 2053 familiaris.
1011 1993 1092 2054 Vide
1101 1995 1180 2054 infre
1189 1995 1229 2054 ad
1240 1999 1372 2076 Appen·

222 2092 298 2152 dicis
315 2092 436 2170 Fragm.
454 2090 591 2150 XXVII.
607 2109 637 2148 n.
657 2097 702 2149 12.
716 2099 746 2147 et
759 2088 899 2148 Addend.
918 2089 958 2148 ad
973 2088 1063 2147 Anal.
1081 2089 1137 2148 Gr.
1150 2089 1232 2150 Min.
1250 2091 1372 2152 Dalzel.

221 2197 334 2268 p.158.
354 2188 408 2247 ubi
425 2186 547 2247 laudavi
561 2187 711 2263 insignem
733 2185 834 2244 Suidae
857 2185 958 2245 locum
974 2185 1007 2243 in
1028 2183 1133 2256 Μόνυν,
1155 2187 1209 2265 qni
1231 2187 1283 2247 hic
1301 2201 1370 2248 est:

221 2282 328 2355 Μὴνυν·
351 2279 561 2364 παροξυτόνως,
578 2280 641 2339 duri
659 2282 713 2337 τοῦ
732 2279 771 2353 μοὶ
789 2278 830 2348 δή.
872 2280 950 2352 Quae
963 2301 1002 2340 ex
1016 2280 1220 2342 Grammatico
1233 2283 1369 2361 quodflm

220 2381 401 2459 perantiquo
414 2378 553 2438 desumta
569 2377 662 2436 fuisse
675 2375 824 2435 videntur.
865 2374 958 2446 Quod
976 2375 1000 2434 si
1015 2376 1165 2435 exorietur
1177 2376 1297 2456 aliquis,
1314 2381 1369 2458 qui

222 2478 311 2536 etism
334 2473 394 2534 ἐπεὶ
414 2472 435 2531 δ’
456 2471 491 2531 όν
513 2472 557 2550 (h.
571 2493 596 2531 e.
617 2470 676 2530 ἐπεὶ
695 2469 725 2529 δὲ
742 2468 791 2549 όν)
813 2490 868 2549 pro
890 2468 1000 2529 ἐπειδᾶν
1023 2471 1167 2550 scriptum
1188 2483 1247 2543 est,
1266 2474 1292 2534 is
1314 2495 1370 2536 sus

221 2571 313 2641 solus,
332 2581 366 2629 ut
384 2569 500 2648 opinor,
518 2568 581 2627 sine
594 2567 681 2626 rivali
697 2566 817 2626 amabit.
859 2565 903 2625 Ut
918 2566 998 2624 enim
1016 2564 1113 2637 insila*
1126 2588 1164 2626 ex
1181 2565 1252 2638 ἐπεὶ,
1271 2582 1304 2630 et
1325 2570 1369 2640 dui,

221 2668 383 2727 conflatum
397 2675 451 2735 est,
465 2665 507 2724 ita
519 2663 629 2725 ἐπειδᾶν
646 2665 680 2723 fit
692 2683 728 2722 ex
741 2661 810 2733 ἐπεὶ,
824 2661 866 2732 δὴ,
880 2673 911 2721 et
924 2660 967 2733 όν,
981 2673 1015 2722 ut
1029 2674 1109 2724 recte
1125 2664 1231 2724 itidem
1248 2669 1368 2728 monuit

223 2765 265 2823 H.
276 2761 455 2840 Stephanus
489 2759 580 2820 Adde
593 2759 685 2838 quod,
694 2760 787 2818 altera
800 2758 984 2818 derivatione
997 2759 1135 2830 admissa,
1149 2763 1369 2824 conseenuum

220 2858 322 2927 fuerit,
336 2857 436 2915 minus
450 2856 591 2916 Graecum
608 2875 671 2914 esse
685 2853 795 2914 ἐπειδᾶν
811 2854 849 2923 δὲ,
869 2853 982 2933 quippe
997 2854 1080 2933 quod
1097 2865 1164 2912 tum
1182 2856 1296 2916 valeret
1306 2858 1368 2918 ἐπὶ

222 2955 251 3014 δὲ
268 2954 303 3014 (ἲν
321 2952 360 3024 δὲ,
374 2974 443 3032 quoe
456 2973 495 3012 ne
509 2952 662 3012 Triballus
679 2951 803 3029 quidem
822 2951 1006 3010 balbutierit.
1051 2951 1140 3010 Mitto
1157 2954 1367 3016 confusionem

220 3052 253 3110 in
270 3050 352 3120 locis,
370 3047 422 3108 sed
436 3047 639 3127 perpauculis‚
658 3046 815 3123 inquibus
831 3064 937 3104 revera
949 3057 1112 3106 occurrunt
1125 3047 1242 3106 voculae
1258 3049 1321 3108 ivel
1338 3051 1369 3112 δὲ

218 3145 268 3204 siv:
291 3163 462 3224 quanquam
483 3143 618 3221 suspicor
633 3142 666 3200 in
686 3140 734 3198 his
753 3140 863 3218 passim
885 3138 996 3199 ἐπειδάν
1016 3137 1046 3198 δὲ
1063 3143 1270 3219 reponendum
1292 3167 1369 3206 esse.

221 3244 298 3304 Xen·
313 3242 423 3301 Vertat·
436 3248 465 3301 8.
481 3248 508 3299 4.
531 3237 590 3298 ἐπεὶ
610 3237 632 3295 δ’
654 3235 690 3294 civ
711 3237 788 3317 φανῇ
810 3233 848 3293 τό
873 3237 962 3316 ἴχνος,
983 3235 1127 3318 προσιέναι
1154 3245 1190 3296 eir
1215 3239 1255 3297 τό
1274 3243 1369 3320 πρός..

220 3340 274 3397 θεν.
316 3336 362 3397 lta
381 3335 546 3396 Leunclav.
565 3353 621 3412 pro
641 3332 764 3410 vulgato
784 3329 903 3402 ἐπειδᾶν,
926 3332 979 3391 ubi
999 3343 1100 3392 tamen
1125 3331 1236 3393 ἐπειδᾶν
1255 3335 1285 3395 δι’
1304 3357 1368 3396 mn-

221 3433 287 3493 vult
309 3433 350 3490 Η.
364 3430 544 3510 Stephanus.
585 3427 705 3487 Arrian.
721 3427 826 3486 Vertat·
846 3433 891 3486 10.
919 3425 979 3486 ἐπεὶ
999 3425 1020 3484 δ’
1039 3425 1074 3486 (ἲν
1093 3431 1189 3487 incude
1211 3435 1369 3508 φαίνονται

217 3527 305 3611 ἔχειν,
327 3553 392 3587 m.
407 3540 435 3584 λ.
477 3526 526 3586 Ita
544 3525 686 3593 Zeunius,
706 3543 762 3602 pro
781 3535 922 3602 corrupto
941 3522 1025 3583 ἔπιδ’
1043 3521 1086 3583 όν.
1127 3525 1255 3605 Dionys.
1269 3527 1313 3586 H.
1328 3531 1366 3589 T.

220 3623 408 3703 11.p.1156.
435 3620 494 3681 ἐπεὶ
521 3619 542 3678 δ’
562 3616 597 3677 ἂν
621 3618 650 3678 ἑν
673 3620 715 3699 τῷ
735 3618 837 3700 α’πόριρ
857 3617 1008 3692 γενόμεθα,
1030 3617 1075 3680 ἔτι
1094 3622 1206 3693 μᾶλλον
1226 3621 1367 3699 φοβήσει.

221 3722 298 3794 Qum
319 3720 383 3778 locs
403 3719 498 3778 debeo
516 3715 592 3776 Viro
610 3715 783 3776 doctissimo
805 3715 955 3776 Schefero
970 3716 1009 3774 ad
1028 3715 1070 3774 Η.
1085 3717 1190 3797 Steph.
1204 3719 1295 3780 Thes.
1309 3722 1365 3780 Gr.

221 3819 309 3895 Ling.
350 3817 400 3874 An
420 3812 463 3874 ἐπ’
484 3811 558 3882 εἶτα,
580 3832 637 3891 pro
656 3807 766 3882 ἔπειτα,
792 3811 892 3872 adhuc
914 3813 1067 3892 scripserit
1087 3814 1165 3892 quis,
1187 3834 1289 3874 rerum
1310 3835 1365 3875 no-

220 3931 327 3971 varum
347 3909 508 3978 studiosus,
530 3927 635 3976 necne,
654 3926 778 3985 prorsus
795 3907 905 3965 neseio.
947 3907 1082 3978 Eisone,
1104 3909 1128 3966 si
1152 3909 1222 3988 quis
1239 3911 1307 3981 erit,
1328 3913 1366 3970 τό

221 4005 321 4088 σφόδρ’
345 4003 411 4064 εἶναι
432 4001 511 4062 πάνθ
535 4001 637 4075 ἕτοιμα
658 4001 813 4081 prestabit
837 4001 1036 4080 Etymologus
1059 4005 1207 4082 Magnus:
1229 4005 1363 4073 Ἔπειτα,

218 4101 358 4182 ἐπίρρημα
385 4099 493 4181 χρόνον
515 4096 677 4168 δηλωτικόν,
701 4095 765 4154 o'vri
785 4099 838 4154 τοῦ
861 4097 938 4168 perd
958 4101 1062 4156 ταῦτα.
1094 4097 1124 4159 ἔκ
1151 4101 1202 4170 τῆς
1223 4099 1268 4160 ἰπὶ
1293 4127 1364 4182 προ-

121 4257 123 4264 ,
219 4195 319 4258 θέσεως
343 4195 388 4252 καὶ
413 4196 467 4252 τοῦ
492 4193 566 4264 εἶτα,
592 4192 713 4253 ἑπόειτο·
742 4193 787 4251 καὶ
808 4195 940 4273 capsensi
960 4191 1071 4255 ἔπειτα.
1113 4195 1172 4256 Sed
1194 4196 1238 4255 nil
1258 4197 1306 4258 vel
1332 4198 1361 4256 ln

219 4295 276 4356 tue
297 4309 370 4354 voce
389 4290 561 4351 novandum
584 4289 710 4350 videtur.
