2990 5010
592 341 595 350 ·
625 341 795 393 sraaro.
1205 333 1271 399 105

223 526 351 586 'Vertit
380 527 605 609 Daleoampius:
651 529 727 588 Num
760 550 823 588 vero
855 527 1089 608 Erysichthonem
1120 523 1273 587 immolor?

143 620 232 680 idem
258 622 297 680 ad
321 621 480 704 ἐρυσίχθον’
512 634 612 684 notat:
648 624 790 684 “Ovidio
818 623 976 683 Thessalus
1006 623 1061 692 vir,
1087 633 1273 702 contemptor

146 718 277 777 Cereris:
313 719 372 790 hic,
398 721 483 781 bovis
510 720 671 799 epitheton,
700 719 745 778 ὅτι
776 719 868 800 χθόνα
893 717 971 800 ἐρύει,
998 717 1138 798 quoniam
1163 730 1272 778 terram

145 816 268 873 versat'’
309 814 383 874 Inde
404 815 580 874 terrimloum
599 816 688 875 vertit
712 815 843 876 Grotius.
882 814 1019 886 Quanam
1040 823 1139 873 autem
1158 815 1271 876 ratione

147 906 271 986 (collatis
291 911 441 970 vocabulis
459 910 662 991 ἐρυσάρματας,
682 910 831 991 ε’ρυσίθριξ,
850 908 1035 990 ε’ρυσὶπτολις,
1050 913 1116 988 dic.)
1131 909 1194 969 haec
1207 911 1271 989 epi-

146 1003 220 1064 theti
238 1005 412 1083 significatio
429 1007 497 1065 elici
513 1006 615 1085 possit,
636 1007 776 1084 equidem
792 1025 852 1064 non
866 1005 962 1064 video.
1000 1004 1100 1065 Vertit
1118 1005 1272 1076 Morelius,

145 1109 176 1157 et
194 1108 261 1176 post
278 1120 347 1158 eum
361 1100 528 1160 Hertelius:
551 1100 612 1159 Neo
627 1120 696 1178 ergo
712 1099 943 1180 Erysichthoni?
973 1110 1007 1158 ut
1027 1098 1065 1158 sit
1081 1099 1198 1159 dativus
1215 1121 1273 1179 pro

143 1192 309 1274 ε’ρυσίχθουι.
352 1196 438 1256 Unde
463 1195 725 1256 cumberlandius:
762 1195 845 1254 What
866 1195 989 1276 ‹ffemng
1011 1195 1111 1254 malr’at
1132 1197 1197 1254 thou
1217 1196 1222 1276 Ι
1242 1205 1273 1254 to

145 1289 360 1370 Erysichthon?
401 1293 539 1372 Respexit
552 1292 690 1352 Comicus
704 1292 795 1349 Hom.
811 1291 869 1350 Od.
884 1293 913 1350 Γ.
928 1301 954 1351 5.
976 1291 1022 1349 τοί
1043 1291 1064 1349 δ’
1085 1291 1130 1351 ἐπὶ
1150 1293 1198 1350 θινὶ
1221 1294 1272 1351 θο-

144 1383 252 1455 λύσσης
271 1386 333 1465 [spei
349 1384 431 1467 ῥέζον
451 1386 457 1469 Ι
476 1387 592 1468 ταύρους
609 1385 788 1460 παμμέλανας
807 1384 961 1466 εὐόσιχθουι
981 1390 1162 1468 κυανοχαὶτρ,
1183 1399 1217 1448 ut
1239 1389 1271 1448 in

143 1481 280 1560 proximo
299 1501 387 1540 versu
409 1482 443 1540 IL
457 1483 493 1540 K.
507 1491 573 1554 292.
587 1483 645 1542 0d.
660 1484 688 1542 Γ.
704 1490 769 1542 382.
793 1483 838 1538 <roi
859 1480 881 1538 δ’
900 1480 935 1538 αὖ
954 1480 1011 1554 ἐγυῗ
1028 1479 1101 1563 ῥέξω
1119 1482 1191 1559 βοῦν
1206 1482 1272 1556 ἦνιν,

144 1573 340 1655 εύρυμέπονπον.
379 1576 496 1656 Nempe
508 1577 622 1637 luditur
637 1578 670 1636 in
689 1576 851 1636 Homerico
868 1577 928 1649 illo,
947 1575 1029 1657 ῥέζον
1049 1575 1165 1656 ταύρους
1183 1577 1271 1638 ἐνοσί-

144 1672 234 1750 χθονι.
274 1672 361 1741 Nam,
381 1692 449 1732 cum
466 1683 546 1732 recte
562 1693 616 1751 per
637 1693 668 1732 se
687 1673 844 1741 diceretur,
866 1671 921 1729 orid'
939 1670 995 1752 ἄρα
1012 1669 1079 1730 θύεις
1098 1671 1273 1754 ε’νοσῖχθον’,·

143 1787 193 1825 nec
209 1787 277 1844 ergo
293 1776 399 1827 moetos
414 1776 497 1826 ἐοντα
517 1768 701 1848 quassatori?
725 1769 887 1845 interrogat
906 1787 1030 1845 coquus,
1051 1767 1117 1848 παρ’
1133 1768 1272 1842 ν’τόνουαν,

143 1873 174 1921 et
195 1863 321 1923 ridicula
343 1883 398 1924 nec
424 1885 493 1923 sana
518 1865 672 1935 sententia,
699 1863 753 1922 οὔδ’
775 1863 832 1944 ἄρα
859 1861 924 1921 θύεις
946 1862 1119 1944 ε’ρυσῖχθον’,·
1151 1866 1272 1926 Scilicet

142 1958 294 2036 epitheton
324 1961 526 2030 Homericum,
554 1981 611 2039 pro
633 1953 720 2020 docta
750 1980 803 2018 sua
832 1959 1007 2037 ignorantia,
1041 1960 1197 2038 pejoravit,
1225 1965 1271 2022 vel

142 2054 242 2132 potius
263 2075 346 2114 secus
368 2056 544 2124 immutavit,
567 2056 661 2134 inque
685 2055 835 2116 victimam
859 2075 950 2133 prave
975 2054 1106 2125 detorsit,
1133 2077 1196 2116 mas
1216 2059 1273 2118 iste

144 2148 268 2227 Sphinx,
288 2151 341 2228 qui
361 2149 428 2208 θύεὶν
448 2149 627 2236 ἐρυσίχθονα,
646 2150 805 2209 subaudito
822 2153 935 2231 ταῦρον,
953 2170 1008 2228 pro
1024 2171 1102 2228 puro
1117 2164 1192 2229 puto
1205 2154 1270 2211 Ho-

141 2243 252 2303 merico
278 2245 461 2304 vendrtatum
486 2246 551 2317 ivit,
582 2246 645 2306 fere
675 2257 765 2324 atque
788 2245 945 2327 εὐρυσθενεῖ
972 2245 1139 2327 καρταίποδ’
1168 2245 1275 2328 αῠρνὶειν

141 2338 256 2419 γεαόχιρ
276 2339 359 2410 dure,
380 2341 433 2399 sed
453 2352 599 2411 accurate,
622 2341 698 2400 dixit
719 2341 807 2399 Pind.
820 2342 869 2401 Ol.
879 2341 969 2400 XIII.
982 2350 1045 2402 11³.
1086 2341 1171 2400 idem
1186 2343 1273 2403 Grae-

140 2435 226 2495 culus
247 2456 319 2496 voce
338 2439 479 2510 μίστυλλα
503 2446 642 2515 tanquam
666 2437 835 2497 accusativo
856 2436 966 2516 plurali
987 2437 1032 2498 uti
1054 2438 1176 2515 fingitur
1193 2441 1272 2500 infra

139 2551 168 2590 v.
186 2538 232 2591 42.
255 2530 352 2609 (quod
372 2531 403 2589 in
426 2535 569 2605 μίστυλλε,
590 2533 648 2592 sale
674 2532 767 2602 nullo,
785 2541 933 2591 mutatum
953 2532 1048 2592 voluit
1069 2535 1272 2606 Casaubonus,

139 2628 338 2708 adstipulante
358 2629 475 2704 Grotio)
498 2639 533 2687 ut
551 2629 595 2686 nri
617 2629 727 2686 mirum
748 2628 786 2687 sit
808 2629 880 2687 hero
904 2649 957 2687 suo
975 2629 1022 2688 vel
1041 2629 1166 2690 Phileto
1184 2632 1271 2692 Glos-
1360 2697 1363 2714 Ι

140 2725 224 2784 sariis
237 2746 312 2804 opus
325 2725 425 2795 fuisse,
441 2725 550 2822 quibus
563 2724 767 2803 aenigmatista»
779 2725 865 2784 istius
879 2724 1042 2784 difficiliora
1054 2729 1272 2789 evolverentur.

140 2821 259 2881 Viden.
274 2830 321 2882 tt.

218 2933 238 2963 ¹⁰
259 2932 294 2990 In
320 2931 430 2991 Aldina
452 2933 573 2991 omnino
595 2932 638 2992 sic
658 2931 835 3010 impressum
859 2943 920 2992 est:
947 2931 1109 3013 προβάτιον
1132 2934 1153 2992 δ’
1175 2936 1274 2996 οὐκοῦν

135 3027 192 3106 ἔφη
222 3027 227 3108 Ι
247 3027 287 3086 ‘rd
309 3031 384 3101 μῆλα
412 3027 539 3109 πρόβατ’
562 3029 593 3088 ού
613 3027 737 3102 μανθάνω
757 3027 763 3108 Ι
788 3027 897 3087 τούτων
919 3028 993 3087 odida
1015 3028 1077 3089 ούδέ
1100 3029 1240 3106 βούλομαι
1263 3032 1271 3113 Ι

135 3123 353 3205 Ἀγρονκύτερος
375 3122 427 3197 sipi
446 3151 470 3181 κ.
485 3151 514 3182 τ.
529 3137 556 3183 λ.
596 3124 751 3194 Morelius,
770 3135 912 3202 sequente
932 3125 1086 3183 Herielio:
1109 3126 1271 3207 προβάτιον

138 3219 168 3279 δ’.
189 3219 297 3279 Ούκούν
312 3217 367 3298 ἔφη
389 3221 394 3301 Ι
415 3221 455 3278 vd
466 3225 542 3294 μῆλα
559 3220 704 3303 πρόβατ’;
726 3219 757 3278 ού
773 3219 907 3292 μανθάνω,
929 3219 991 3280 ouidi
1006 3220 1156 3295 βούλομαι,
1177 3222 1184 3304 Ι
1203 3223 1269 3304 α’γρ.

137 3344 163 3376 κ.
178 3345 207 3376 τ.
221 3331 247 3376 λ.
287 3318 419 3387 Grotius,
438 3318 501 3376 fere
525 3338 593 3377 curn
615 3319 803 3377 Casaubono:
826 3315 986 3398 προβάτιον
1005 3317 1034 3376 δ’.
1054 3317 1158 3390 οὐκοῦν,
1177 3317 1240 3396 ἔφη,
1264 3319 1271 3400 Ι

135 3412 214 3474 ἔστιν
239 3412 279 3471 τύ
300 3417 376 3485 μῆλα
399 3411 542 3494 πρύβατ’;
570 3410 647 3490 ἔφην,
672 3413 705 3470 ού
730 3410 855 3485 μανθάνω
876 3410 881 3491 Ι
902 3410 989 3486 ἔγωγε
1013 3414 1122 3472 τούτων
1145 3442 1168 3471 κ.
1189 3441 1218 3472 τ.
1240 3417 1279 3473 λῧ

138 3508 303 3569 “Indicavi
315 3509 460 3568 lacunam.
492 3508 627 3566 Fortasse
640 3507 751 3566 excidit
763 3505 832 3585 ’ἔφην
843 3506 927 3580 ε’γοί.”
960 3509 1119 3570 Dnvooar.
1160 3510 1270 3588 “Sup-

136 3606 214 3683 pleo,
237 3602 277 3662 vd
291 3607 368 3678 μῆλα
382 3603 532 3683 πρόβατα·
550 3601 707 3677 μανθάνειςς
729 3603 765 3662 Β.
780 3603 811 3661 ού
831 3603 966 3676 μανθοίνιο.
1008 3606 1055 3664 De
1072 3606 1152 3678 μανθ.
1174 3606 1269 3665 Gaios.

137 3700 295 3786 adSuppl.
309 3722 339 3779 p.
356 3708 420 3760 185.
461 3698 651 3757 Tumforsan
664 3694 752 3770 ἔγωγε
766 3718 835 3758 oum
849 3699 992 3758 Casaub.''
1031 3701 1131 3761 Doara.

214 3823 235 3856 ¹¹·
253 3822 395 3901 Diphilus
415 3821 525 3881 Athen.
540 3821 594 3879 Vi·
611 3842 641 3900 p·
655 3829 721 3881 223.
737 3821 772 3878 Β.
807 3822 919 3891 Λητοῦς
945 3820 1015 3880 Διός
1042 3849 1075 3881 τε
1110 3821 1271 3902 τοξόδαμνε

137 3916 264 3998 παρθένε,
294 3915 299 3998 Ι
325 3917 358 3976 ιύς
382 3921 408 3975 oi
434 3915 576 3998 τραγῳδοί
596 3926 689 3994 φασιν,
711 3914 749 3974 οἷς
775 3913 888 3995 ἐξουσία
908 3915 914 3996 Ι
934 3914 1011 3976 ἔστιν
1036 3915 1125 3990 λέγειν
1151 3916 1270 3976 ἅπαντα.

136 4013 180 4071 καί
203 4021 289 4072 ποιεῖν
309 4012 408 4086 μόνοις.
450 4012 582 4072 Martial.
602 4012 709 4091 Epigr.
734 4012 789 4070 IX.
813 4020 857 4072 12.
888 4012 999 4071 Dirum
1021 4011 1152 4071 Eorinon
1174 4022 1269 4072 tomen

130 4118 233 4190 μανία,
255 4107 260 4188 Ι
280 4110 329 4168 aed
353 4109 458 4180 Groeoi,
478 4108 579 4189 quibua
598 4116 640 4168 est
663 4107 736 4168 nhil
753 4117 893 4191 negatam,
917 4107 922 4188 Ι
941 4117 974 4167 et'
990 4129 1059 4188 quor
1072 4106 1166 4188 Ἀρες,
1181 4108 1270 4190 'Apes

134 4207 211 4265 decet
243 4225 370 4272 aonam
400 4204 404 4283 Ι
428 4205 508 4266 nobis
534 4225 587 4263 noa
615 4203 679 4264 licat
706 4224 766 4263 esse
792 4211 850 4262 tom
876 4203 999 4263 disertis.
1047 4204 1122 4264 Mox
1159 4207 1269 4285 quaerit

134 4301 282 4361 Dobraeus
296 4323 335 4360 an
347 4302 506 4380 legendum
524 4301 562 4360 sit
579 4300 619 4358 roi
637 4299 724 4358 λουπαΙ
742 4321 797 4373 μοι·
812 4299 817 4379 Ι
831 4298 978 4379 Ὁμηρικύς
991 4299 1054 4380 γάρ.
1069 4301 1105 4361 Β.
1117 4299 1268 4363 διανοεῖ.-
