2948 5010
440 344 668 395 VERSIONES
697 345 872 394 LATINAE.

435 613 672 680 olannus.
718 613 774 700 (Ρ.
793 611 882 693 171.)

565 815 735 873 Mercatore.-

81 922 121 978 A.
144 922 279 982 Corinthi
299 925 381 1004 apud
399 946 454 984 nos
473 925 556 985 istud
576 935 711 985 sanctum
731 935 776 984 est
794 923 922 1002 legibus,

82 1016 116 1074 si
137 1038 228 1095 quem
249 1020 385 1081 videmus
406 1021 548 1082 obsonari]
562 1020 684 1099 largius,

82 1113 235 1173 Continuo
254 1115 473 1194 interrogamus
493 1116 600 1194 cujatis
620 1116 684 1184 siet,

84 1207 171 1284 Quid
189 1211 292 1288 agitet,
314 1212 394 1272 unde
415 1213 506 1271 vivat.
527 1211 551 1271 si
572 1211 687 1271 reditus
707 1210 802 1270 habet·

84 1305 148 1376 Qui
168 1307 285 1385 possint
304 1309 395 1367 tantis
417 1308 609 1390 suppeditare
634 1307 792 1377 sumtibus,

84 1400 150 1459 Suo
170 1403 316 1462 arbitratu
337 1403 445 1463 sinitur
467 1404 565 1462 facere
589 1402 749 1481 impendia.

84 1496 139 1555 Sin
162 1519 253 1576 snpra
275 1500 353 1560 vires
373 1509 479 1578 erogat
496 1497 677 1579 patrimonii,

85 1593 123 1650 In
142 1603 295 1671 posterum
316 1594 349 1653 id
371 1615 409 1655 ne
429 1595 520 1655 faciat
542 1594 747 1653 interdicitur:

83 1686 203 1747 Mulcta
221 1689 381 1767 irrogatur,
401 1690 433 1749 ni
454 1690 492 1750 sit
511 1690 593 1749 dicto
613 1688 786 1748 obaudiens.

84 1784 177 1856 Quod
197 1785 291 1863 siquis
311 1785 374 1845 sine
394 1806 427 1845 re
447 1786 539 1846 vitam
559 1786 643 1845 vivat
661 1783 859 1863 splendidam,

84 1877 286 1958 Torquendus
305 1879 356 1940 ille
375 1900 445 1938 mox
467 1881 598 1940 carnifici
617 1880 715 1939 datur.
754 1878 792 1936 Β.
813 1881 893 1937 Atat.

84 1973 124 2031 A.
146 1975 273 2053 Nanque
292 1977 349 2035 iste
369 1987 404 2036 ut
422 1976 506 2035 vivat
525 1975 634 2034 omnis1
656 1994 763 2053 expers
782 1973 908 2033 malefici

85 2070 247 2148 Nequitur.
268 2072 363 2150 capin'
383 2071 459 2131 hoc?
481 2091 553 2150 ergo
573 2082 625 2130 aut
645 2070 815 2148 praemiator
835 2077 880 2127 est

85 2167 269 2236 Nocturnus,
290 2166 381 2225 vitam
402 2177 455 2226 aut
473 2167 549 2225 vivit
568 2165 797 2234 vecticulariam‚

86 2266 150 2320 Aut
169 2263 320 2342 particeps
340 2274 385 2323 est
404 2263 519 2341 aliquid
538 2263 597 2323 tale
617 2261 785 2340 agentibus,

83 2356 151 2415 Aut
170 2357 386 2436 quadruplator
406 2370 460 2429 est,
481 2370 533 2418 aut
551 2357 721 2417 testimonia
748 2406 750 2410 ,

84 2453 234 2514 Falsidica
254 2455 366 2514 vendit.
386 2455 460 2514 tales
479 2475 534 2514 nos
554 2455 727 2515 everrimus.

84 2551 121 2608 B.
143 2551 233 2610 Recte
252 2551 396 2628 profecto.
417 2570 522 2610 verum
541 2549 573 2608 id
593 2570 645 2608 me*
662 2547 736 2626 quid
756 2547 882 2605 attinet?

83 2647 124 2704 A.
144 2644 225 2716 Quia
242 2654 273 2703 te
293 2644 438 2714 videmus,
459 2646 537 2704 bone
557 2644 614 2715 vir,
635 2642 807 2702 obsonarier

85 2739 212 2799 Basilice
232 2749 263 2798 et
281 2739 370 2817 longe
390 2759 481 2818 supra
500 2738 619 2798 civilem
639 2737 771 2796 modum.

85 2835 146 2893 Per
164 2843 195 2893 te
214 2833 394 2912 pisciculum
414 2834 463 2893 vix
483 2835 636 2913 accipiunt
656 2833 763 2892 caeoeri.

85 2931 135 2989 Ita
153 2929 257 2989 civitas
277 2930 431 3009 compulsa
450 2930 489 2989 ad
509 2929 601 2989 vitam
621 2929 769 2990 olitoriam
790 2940 842 2989 est.

85 3026 261 3104 Pugnamus
282 3024 319 3085 de
339 3024 431 3104 apiis⁹
449 3035 592 3103 tanquam
612 3025 644 3083 in
665 3035 779 3084 certatu
801 3024 953 3085 Isthmico.

86 3121 153 3179 Tua
176 3119 279 3197 praeda
298 3129 352 3188 est,
375 3120 468 3199 siquis
488 3119 598 3178 moenia
617 3119 740 3179 intravit
759 3120 854 3198 lepus.

86 3213 226 3273 Perdices
246 3224 347 3272 autem
367 3223 397 3272 et
419 3214 533 3285 turdos,
555 3215 595 3273 ita
619 3235 668 3274 me
691 3215 732 3272 Di
753 3214 873 3294 juvent,

83 3309 106 3370 J
109 3331 155 3369 am
176 3331 231 3370 nec
255 3311 388 3369 volantes
408 3311 524 3370 licitum
545 3321 591 3370 est
612 3311 818 3390 conspicarier.

85 3407 188 3465 Etiam
209 3405 368 3464 incendisti
388 3406 518 3483 pretium
543 3405 613 3463 vino
635 3405 758 3465 exotico.
885 3401 887 3406 ’

86 3615 155 3674 Hoc
176 3614 242 3693 lege
264 3623 385 3673 cautum
406 3624 451 3673 est
471 3612 521 3673 hic
544 3612 625 3692 apud
648 3610 836 3670 Corinthios:

87 3710 121 3769 Si
140 3709 313 3788 quempiam
333 3709 477 3766 obsonare
501 3727 619 3785 semper
642 3705 800 3785 splendide

87 3804 244 3874 Videmus,
264 3803 346 3862 hunc
369 3823 510 3881 rogamus
534 3801 614 3860 unde
639 3801 731 3870 vivat,
753 3811 785 3860 et

86 3900 171 3971 Quid
190 3900 279 3960 faciat
301 3899 407 3978 operis.
449 3899 480 3957 Si
503 3897 658 3957 facultates
677 3897 782 3968 habet„

87 3998 132 4056 Ut
152 3997 267 4057 reditus
287 3996 394 4055 harum
416 3995 531 4055 solvere
552 4014 695 4072 expensas
717 4003 821 4070 queat,

90 4075 280 4172 Perpetimur
300 4091 387 4150 illum
408 4089 524 4169 perfrui
548 4088 634 4148 bonis
658 4087 727 4146 suis.

368 4259 375 4287 ¹
392 4261 470 4306 cronia
484 4258 566 4306 omisit
586 4255 722 4317 Schweigh.

367 4334 448 4395 ¹apio
465 4331 601 4394 Schweigh.

92 4418 257 4506 orantius]
