2948 5010
226 291 293 356 204
584 301 813 353 vuns1onns
836 300 1010 349 nuruum

229 485 347 552 Noster,
369 482 420 541 sed
443 493 488 541 est
508 483 674 560 protervire.
713 481 858 539 Clamoris
878 491 924 539 est

226 578 376 650 Quintus:
397 577 508 637 furoris
527 587 637 646 sextus,
657 587 687 636 et
706 595 826 654 pugnas
844 576 912 635 ciet.

226 673 264 731 In
282 693 411 752 pervum
430 672 510 731 enim
530 692 582 730 vas
602 663 723 749 quando
741 671 858 746 largum
879 671 1058 739 infunditur,

224 769 524 847 Supplantot-ipsum
543 787 622 845 saepe
641 778 776 844 potorem
794 785 920 825 merum.
1342 781 1378 830 m

1107 864 1151 926 H.
1165 864 1301 924 Srnru.

226 945 302 1003 Tres
325 945 405 1004 soleo
424 944 507 1003 dulci
526 943 631 1003 calices
649 940 798 1019 complere
822 941 958 1011 Falerno,

267 1027 367 1098 Hosce
387 1058 440 1097 suo
461 1047 496 1096 ut
517 1037 632 1115 sapiens
654 1035 759 1094 ordine
781 1037 909 1114 quisque
931 1037 1026 1114 bibet

226 1135 320 1193 Grato
338 1132 478 1192 valetudo
496 1133 628 1210 primum
649 1131 705 1189 sibi
725 1132 835 1209 poscit:
858 1133 895 1192 ab
915 1132 967 1190 illo

265 1231 321 1288 Est
340 1227 406 1297 tibi,
428 1247 518 1295 amor,
543 1226 641 1286 dictus
659 1227 812 1303 proximus
835 1238 925 1304 atque
944 1226 1037 1305 jocis:

227 1324 346 1382 Tertius
369 1332 414 1380 est
432 1322 537 1391 somni,
560 1322 676 1399 sapiens
698 1340 758 1398 quo
779 1321 906 1398 quilibet
924 1321 1030 1378 hausto

265 1416 315 1474 Ad
338 1417 475 1495 proprios
497 1427 582 1475 ceute
608 1417 662 1475 soit
682 1436 813 1475 remeare
832 1416 923 1474 lares:

228 1513 279 1570 Nil
297 1512 370 1569 mihi
394 1532 461 1572 cum
484 1523 599 1589 quarto,
622 1531 719 1570 comes
739 1511 810 1569 huic
833 1510 943 1587 injuria
964 1509 1073 1569 tristis:

264 1607 401 1666 Clamosa
419 1608 521 1665 insane
539 1607 641 1684 jurgia
661 1607 784 1685 quintus
804 1616 897 1664 amet:

225 1707 334 1763 Sextus
355 1703 392 1762 ad
416 1713 547 1762 amentes
569 1701 689 1760 tandem
710 1702 792 1760 venit
814 1721 909 1779 usque
933 1702 1057 1770 furores,

264 1801 433 1878 sanguinea
452 1798 502 1857 hic
524 1799 600 1856 miro
621 1798 741 1857 turbine
764 1797 843 1856 bella
864 1797 937 1856 ciet:

224 1895 295 1955 Vasi
315 1895 425 1954 etenim
444 1895 573 1952 multum
593 1913 687 1970 quum
705 1891 1000 1951 vinuminfunditur
1019 1902 1111 1962 arcto,

263 1989 366 2048 Audet
386 1989 499 2067 potoris
519 1987 628 2046 laedere
648 2008 727 2065 saepe
746 1989 852 2046 femur.

1095 2066 1300 2128 Eoruonru.

683 2247 730 2310 11.
768 2248 823 2332 (P.
840 2247 907 2329 73.)

593 2408 783 2490 Campylione‚
804 2412 863 2469 sive
885 2411 986 2470 Curvo.

223 2531 300 2603 Quis
319 2530 369 2590 ille
389 2530 515 2609 primus,
534 2531 602 2609 quis
622 2531 681 2590 fuit
700 2533 868 2591 mortalium

223 2627 285 2699 Qui
308 2630 451 2686 Amorem
472 2627 578 2705 pinxit,
600 2628 685 2686 finxit
704 2638 757 2686 eut
776 2629 917 2706 primurn,
937 2630 1058 2689 alitem?

223 2725 323 2795 Quam
343 2723 467 2802 pingere
488 2723 538 2783 ille
558 2735 645 2782 norat
670 2725 713 2782 nil
732 2725 789 2782 nisi
813 2725 997 2797 hirundines,

224 2822 345 2878 Morum
365 2819 521 2898 imperitus
539 2821 627 2879 unice
647 2821 813 2899 Cupidinis.

225 2920 332 2993 Neque
352 2917 432 2975 enim
451 2917 502 2975 ille
521 2917 595 2976 levis
614 2927 667 2975 aut
686 2917 781 2977 facilis
801 2938 928 2979 excussu
949 2920 1042 2990 Deus,

223 3013 302 3071 Cum
325 3012 416 3071 semel
434 3012 466 3071 in
486 3012 575 3071 corde
594 3012 703 3071 insevit
721 3013 940 3090 aegritudinem,

224 3106 286 3166 Sed
303 3095 403 3186 gravis
426 3105 578 3185 inprimis:
600 3106 750 3184 quomodo
769 3128 841 3185 ergo
860 3121 947 3188 aptus
967 3111 1046 3170 foret

225 3203 355 3263 Pennis?
378 3199 442 3260 haec
462 3201 598 3279 quisquis
618 3201 703 3271 dixit,
724 3222 820 3279 nugas
840 3204 957 3274 dixerit,

712 3465 873 3472 .-.----

671 3657 908 3726 EUPHRON.

688 3841 715 3905 1.
760 3841 896 3926 (Pus.)

795 4015 824 4050 m
854 4039 860 4052 .

222 4089 298 4147 Cum
318 4100 378 4147 tam
402 4091 493 4148 breve
514 4109 612 4148 oevum
633 3991 864 4158 tribugeirnobii,
885 4090 1038 4169 Juppiter,

223 4185 285 4241 Cur
305 4183 367 4242 sine
388 4183 488 4243 dolore
509 4182 565 4244 hoc
586 4202 646 4241 non
668 4182 816 4260 permittis
839 4185 970 4262 degere?

1177 4267 1280 4326 Gnor.

1002 4368 1354 4454 [uunutth-eurnsox
