2948 5010
477 304 703 366 {rumonus
726 305 899 362 LATINAE.

117 477 252 556 Nanque
271 481 303 540 in
326 483 415 543 docto
437 483 507 548 ruia
530 500 610 548 coetu

117 573 238 633 Audire
256 578 358 636 nefas:
379 599 433 639 nec
455 593 520 640 tum
538 582 665 661 juvenes

117 667 170 726 De
191 670 317 746 quaesito
336 692 408 732 cura
426 677 556 737 tenebat.

117 762 208 822 Plato
227 765 281 824 sed
302 787 433 844 praesens
456 770 601 832 clemente
620 773 720 833 animo

118 860 285 940 Motusque
304 864 389 936 nihil,
411 864 511 927 dicere
530 867 630 946 jussit,

117 956 240 1037 Nempe
263 961 417 1020 cucurbita
436 963 518 1041 quod
539 984 636 1042 genus
659 975 744 1028 esset.

118 1052 201 1112 Turn
222 1056 377 1134 quaesitam
397 1078 461 1116 rem
483 1059 622 1142 discipuli

119 1151 190 1210 Rite
212 1151 245 1210 in
264 1163 363 1230 partes
386 1175 505 1221 secuere
529 1177 605 1224 suas,

600 1459 767 1468 Μ

566 1685 795 1752 ausurus

585 1872 620 1950 1.¹
652 1873 707 1960 (Ρ.
722 1873 791 1955 71.)

621 2055 744 2115 Baccho.

120 2173 194 2234 Tres
218 2195 276 2252 ego
292 2187 420 2235 crateras
443 2178 521 2236 solos
540 2176 587 2236 his
610 2177 695 2255 queis
716 2197 767 2236 cor
788 2178 865 2256 sapit

118 2269 246 2329 Miscere
266 2271 353 2332 soleo.
374 2272 506 2330 sanitati¹
527 2272 553 2330 is
575 2282 621 2332 est
641 2263 722 2332 sacer

118 2363 180 2436 Qui
200 2365 315 2444 primus
332 2367 460 2450 bibitur:
485 2361 611 2426 alterurn
631 2369 688 2427 sibi
709 2369 862 2447 vindicant

117 2461 213 2519 Amor
230 2472 261 2521 et
282 2463 438 2542 voluptas3
462 2463 585 2522 tertium
604 2463 701 2542 poscit
724 2483 827 2542 sopor:

118 2556 216 2628 Quem
237 2567 395 2636 postquam
416 2558 574 2617 ebiberunt
597 2559 649 2636 qui
670 2579 733 2618 esse
754 2559 901 2636 sapientes
922 2560 1028 2618 volunt

117 2652 250 2711 Domum
270 2652 429 2712 recedunt:
452 2663 576 2732 quartus
599 2653 809 2712 contumeliae⁹.

119 2747 187 2806 Non
208 2747 287 2806 ultra
307 2758 423 2807 noster:
446 2747 569 2826 quintus
589 2748 833 2808 vociferantium:

118 2845 226 2904 Sextus
245 2844 404 2922 nequitias:
426 2844 601 2922 sugillarum
624 2845 784 2923 septimus:

118 2931 250 3000 Octavus
269 2938 484 2998 revocatoris³:·
508 2958 605 2998 nonus
626 2939 695 2998 bilis
715 2950 773 2998 est:

117 3035 260 3095 Decimus
278 3034 399 3104 furoris,
421 3034 480 3094 tels
499 3045 535 3093 ut
555 3034 711 3093 mittantur
735 3055 864 3115 quoque.

117 3130 196 3188 Nam
218 3130 312 3190 Liber
332 3130 445 3189 multus
465 3148 560 3207 parvo
582 3129 701 3188 infusus
721 3130 843 3189 vasculo

118 3227 192 3285 Suos
211 3235 361 3311 potatores
380 3225 467 3284 facile
486 3223 594 3283 evertit
617 3245 634 3283 e
653 3223 759 3301 gradu.

116 3472 189 3530 Tres
212 3470 309 3529 solum
330 3489 388 3546 ego
409 3469 514 3528 calices
537 3469 609 3527 viris
629 3468 829 3546 prudentibus

115 3564 262 3625 Infundo:
282 3565 415 3624 sanitatis
434 3583 539 3634 unum,
561 3582 651 3642 quem
673 3563 800 3623 ebibunt

117 3662 268 3722 Primum:
293 3673 338 3720 est
357 3661 466 3720 amoris
486 3669 517 3719 et
537 3659 708 3739 voluptatis,
730 3659 854 3719 dehinc:

115 3759 247 3817 infundo
268 3756 364 3816 somni
384 3756 523 3814 tertium:
547 3775 637 3833 quem
657 3765 693 3813 ut
716 3755 868 3815 hauserint

117 3857 236 3915 Nomen'
256 3853 308 3932 qui
330 3852 442 3912 habeut
465 3852 640 3930 sapientum,
661 3853 692 3910 in
716 3852 795 3911 aedes
817 3851 897 3911 illico

116 3953 189 4012 Suas
210 3950 361 4010 redibunt.
382 3949 542 4008 nonenim
565 3959 689 4027 quartus
712 3949 789 4008 calix

343 4118 480 4165 ¹sorsitob's
494 4116 629 4178 Schweigh.
648 4118 773 4179 operarum
787 4117 883 4178 menda,
899 4123 927 4164 ut
942 4117 1042 4165 videtur.
1095 4127 1097 4130 ’
1127 4157 1132 4165 .

344 4193 355 4223 ⁸
368 4193 516 4242 contwucliae
529 4199 566 4242 cat
580 4193 716 4254 Schweigh.

247 4285 250 4292 ’
340 4271 401 4318 'est
415 4271 506 4317 lictoris
522 4269 657 4330 Schweigh.

114 4352 481 4439 susurrus-unwina]

1233 2557 1250 2621 5
