3060 5030
604 351 847 402 incurras.
1251 339 1296 414 69

153 523 244 602 longa
272 539 325 588 est
374 531 497 601 Eadem,
527 534 608 614 apud
634 537 737 613 probae
767 547 845 595 notae
876 536 1044 613 scriptores,
1075 542 1121 593 est
1148 551 1296 594 mensura¹

153 621 230 678 ratio
263 624 295 681 in
329 625 437 685 Latina
469 648 551 688 voce.
599 629 697 690 Vetus
722 641 812 710 poeta
834 631 916 710 apud
937 631 999 690 Cic.
1019 629 1058 689 de
1078 628 1182 688 Diviu.
1203 629 1227 686 Ι.
1249 635 1295 688 13.

154 714 249 794 Inque
269 718 424 780 Academia
447 722 604 803 rembrffero
630 725 773 807 nitidoque
793 726 895 806 Lyceo.
942 723 1153 783 Paenultimam
1172 721 1296 801 corripit

154 809 346 884 Claudianus,
368 817 513 894 sequioris
534 819 591 877 oevi
612 831 709 898 poeta,
731 822 779 881 De
800 819 921 879 Consul.
935 819 1018 878 Mall.
1037 816 1151 878 Theod.
1167 825 1215 888 94.
1255 816 1295 874 Im

155 903 273 964 Latiam
294 911 398 988 spretis
418 911 573 972 Academia
594 915 701 994 migrat
725 915 853 974 Athenis.
892 913 1168 991 Schweighaeusero
1194 910 1295 969 fraudi

153 999 247 1060 fuisse
260 1003 379 1063 videtur
391 1006 424 1064 N
425 1007 515 1067 olten.
530 1009 602 1067 Lex.
615 1009 681 1068 Lat.
700 1010 785 1088 Ling.
800 1010 959 1068 Antibarb.
971 1030 1002 1087 p.
1013 1016 1080 1067 202.
1099 1007 1186 1086 cujus
1202 1007 1296 1065 verba

154 1106 225 1154 sunt
244 1097 326 1157 haec:
359 1089 561 1162 “Acaunuin
579 1114 614 1163 ut
633 1104 799 1183 plurimum
819 1105 988 1183 corripitur,
1012 1114 1043 1162 et
1062 1112 1146 1161 extra
1165 1111 1294 1160 metrum

154 1210 273 1270 semper
286 1195 395 1274 corripi
409 1196 512 1256 debet:
541 1200 715 1276 ceteroquin
728 1220 837 1279 anceps
851 1211 904 1270 est,
919 1210 985 1258 tum
998 1197 1173 1257 auctoritate
1187 1195 1296 1254 Poeta·

152 1307 231 1357 rum,
248 1299 313 1348 tum
330 1293 419 1351 etiam
431 1296 596 1373 praesertim
610 1317 647 1354 ex
660 1317 704 1363 eo,
723 1297 804 1374 quod
818 1296 916 1355 Graeci
931 1315 1051 1373 quoque
1066 1313 1120 1374 per
1134 1292 1296 1370 Syncopen

151 1379 306 1455 Ἀκαδημία
334 1386 439 1448 dicunt
458 1410 519 1448 non
542 1392 650 1462 minus,
678 1413 769 1470 quam
790 1389 968 1464 Ἀκαδήμεια,
996 1409 1124 1468 quorum
1151 1388 1237 1467 prius
1263 1387 1296 1444 in

152 1480 328 1556 paenultima
347 1485 534 1563 corripitur.”
574 1487 650 1558 Quae
671 1508 741 1546 sane
761 1488 831 1546 satie
850 1487 1009 1546 infeliciter
1029 1495 1101 1543 sunt
1119 1483 1208 1542 dicta.

231 1575 242 1607 ⁷
263 1577 309 1634 lta
327 1577 416 1655 plane
438 1579 601 1659 impressus
616 1594 665 1648 ¹est
684 1583 733 1642 hic
755 1583 896 1652 senarius,
919 1601 988 1640 cum
1012 1581 1158 1658 sequenti,
1178 1579 1210 1637 in
1231 1578 1296 1638 edi-

152 1669 235 1729 tione
256 1671 375 1733 Aldina.
416 1675 456 1734 Et
475 1677 517 1735 sic
536 1679 691 1736 Porsonus.
732 1679 889 1756 Nusquam
906 1699 937 1737 se
953 1679 985 1736 in
1000 1697 1034 1736 re
1051 1677 1175 1735 metrica
1196 1676 1295 1734 minue

153 1765 270 1825 invenit
285 1768 586 1847 Schweighaeuserus,
607 1794 697 1852 quam
714 1773 771 1833 hoc
792 1774 824 1831 in
844 1774 930 1844 loco;
954 1773 986 1831 in
1010 1793 1081 1850 quo,
1102 1771 1184 1850 quod
1206 1771 1296 1831 hodie

152 1860 205 1918 vix
227 1863 368 1924 credibile
388 1877 441 1937 est,
462 1867 604 1935 iambicos
626 1890 729 1928 versus
746 1870 779 1928 in
800 1870 992 1948 anapaesticos
1008 1869 1046 1927 ad
1066 1868 1150 1927 hunc
1172 1868 1294 1926 modum

153 1956 301 2016 concidit:
329 1961 372 2016 sal
393 1965 423 2018 τί
438 1962 508 2040 ,τοτ’
527 1961 572 2044 ἄρ’
590 1962 751 2044 εὀρίσαντο,
767 1965 772 2044 Ι
786 1963 830 2023 xal
846 1968 919 2022 τίνος
934 1962 1000 2022 εἶναι
1014 1962 1104 2037 γε’νεος
1118 1963 1157 2021 nd
1170 1961 1275 2040 φυτόν;
1293 1957 1299 2038 Ι

152 2049 282 2120 δήλωσον
302 2054 337 2127 γ’,
362 2059 388 2114 εἶ
412 2083 440 2115 τι
465 2056 614 2117 κάτοισθα.
662 2061 709 2118 Cf.
729 2059 859 2139 Walpol.
876 2080 907 2138 p.
926 2068 974 2130 99.
996 2060 1117 2118 Porson.
1139 2058 1178 2117 ad
1197 2058 1296 2136 Toup.

154 2147 282 2207 Emend.
304 2151 336 2208 in
357 2152 440 2210 Suid.
460 2173 491 2231 p.
511 2161 579 2225 435,
600 2154 627 2214 6.
651 2175 781 2233 quorum
804 2155 854 2214 hic
881 2156 922 2213 H.
944 2154 1141 2233 Stephanum,
1163 2153 1297 2232 itemque

154 2245 307 2324 Toupium
331 2258 502 2320 nostratem,
523 2271 559 2309 ex
581 2251 667 2309 bonis
689 2250 827 2310 trochaeis
848 2262 879 2310 et
899 2250 1056 2328 anapaestis
1077 2250 1222 2328 pessimos
1250 2270 1296 2309 se·

150 2342 251 2402 uarios
271 2343 427 2403 facientem
443 2331 567 2414 notavit,
589 2345 640 2404 ille
657 2357 757 2405 autem
773 2346 922 2405 senarium
937 2343 1297 2423 Schweighaeuserianum

151 2445 188 2496 εἰς
208 2437 302 2520 αὔριον
325 2439 354 2497 δὲ
373 2439 412 2511 pri
431 2441 591 2520 φροντίζειν
611 2443 637 2498 ei
655 2466 682 2498 τι
707 2442 760 2511 nai,
783 2441 826 2500 sic
848 2441 978 2518 turpiter
1000 2440 1226 2510 claudicantem,
1250 2441 1297 2506 iu-

149 2533 271 2593 dicavit.
312 2535 374 2594 Sed
394 2536 526 2595 metricae
548 2537 620 2594 artis
641 2537 769 2595 tironem
790 2557 821 2595 se
842 2537 981 2614 (totidem
1001 2537 1116 2615 verbis)
1142 2536 1296 2614 professus

150 2640 199 2688 est
225 2629 528 2707 Schweighaeusems,
550 2631 605 2689 Vir
628 2651 688 2690 non
711 2631 810 2690 minue
833 2630 996 2700 modestus,
1020 2651 1111 2708 quam
1137 2631 1243 2690 doctus
1265 2641 1298 2690 et

149 2735 266 2794 acutus,
287 2725 319 2783 in
339 2736 401 2784 arte
427 2725 605 2804 explanandi
625 2727 676 2784 vix
701 2727 841 2805 cuiquam
864 2726 997 2796 inferior,
1024 2727 1057 2784 in
1077 2746 1110 2786 re
1133 2727 1296 2804 lexicogra-

149 2819 241 2897 phica
263 2821 348 2879 nulli.
388 2822 505 2900 Nempe
533 2821 673 2879 Grotium
695 2833 814 2880 secutus
835 2832 890 2890 est,
918 2821 971 2899 qui
992 2821 1084 2898 legit:
1113 2821 1158 2878 καὶ
1179 2826 1209 2880 τί
1228 2835 1297 2880 ποτ’

145 2911 196 2994 ἆρ’
216 2915 366 2996 ω’ρίσαντο,
387 2913 393 2996 Ι
415 2916 459 2972 eal
486 2919 559 2973 τίνος
586 2914 651 2974 εἶναι
678 2914 770 2989 γένεος
797 2915 834 2974 rei
860 2915 968 2993 φντόν;
993 2916 998 2996 Ι
1021 2915 1149 2986 δήλωσον
1171 2916 1196 2978 δ’
1223 2920 1250 2975 ei
1266 2945 1297 2980 τι

148 3009 303 3069 κάτοισθα.
343 3012 459 3070 Locum
474 3011 521 3070 vel
534 3012 665 3070 deterius
677 3013 817 3071 tractavit
835 3013 1038 3082 casaubonus,
1053 3013 1095 3070 sic
1109 3012 1294 3091 dispesceus:

148 3139 349 3166 υυ-υυ-
371 3107 415 3164 καὶ
442 3109 471 3163 τί
494 3105 561 3164 ποτ’
584 3104 628 3188 ἄρ’
655 3107 814 3187 ω’ρίσιιντος
844 3106 849 3186 Ι
876 3107 921 3165 xal
949 3110 1023 3168 τίνος
1048 3105 1140 3179 γὲνους
1166 3105 1231 3168 εἶναι
1258 3107 1297 3165 ud

147 3201 260 3280 φυτόν;
281 3201 408 3272 δήλωσον
426 3201 432 3284 Ι
455 3210 476 3261 el
497 3202 636 3261 κάτοισθά
656 3230 694 3260 τι.
713 3234 921 3264 --υ--υ-.
964 3204 1071 3281 Neque
1091 3204 1147 3264 hoc
1162 3215 1293 3262 tantum:

148 3319 220 3357 nam
241 3310 272 3358 et
293 3299 386 3357 totius
406 3299 577 3377 Fragmenti
601 3311 729 3358 metrum
750 3301 788 3358 ab
812 3320 868 3357 ovo
892 3315 988 3377 usque
1008 3299 1047 3357 ad
1067 3298 1179 3358 malum
1198 3300 1294 3379 jugu-

147 3394 224 3452 lavit
245 3393 467 3472 Viregregius,
489 3394 701 3471 distribuitque
721 3397 769 3472 (ut
788 3414 857 3453 cum
877 3393 1153 3471 Schweighaeusero
1171 3395 1292 3472 loquar)

147 3510 205 3568 per
224 3489 417 3569 anapaesticos
439 3490 599 3559 trimetros,
620 3508 680 3546 non
700 3489 789 3547 modo
809 3489 883 3548 mire
904 3489 982 3548 inter
1002 3509 1034 3547 se
1053 3489 1201 3556 confusos,
1222 3508 1293 3567 pro·

146 3587 263 3646 miscue
283 3585 384 3645 mixtis
398 3585 463 3643 aliis
483 3585 617 3662 integris,
634 3584 699 3642 aliis
713 3584 985 3662 brachycatalectis‚
1007 3584 1072 3644 aliis
1092 3585 1240 3645 catalectis
1260 3585 1293 3644 in

148 3683 304 3761 syllabam,
328 3681 543 3740 verumetiam
569 3680 835 3738 intercurrentibus
857 3681 969 3756 passim
995 3681 1130 3740 iambicis
1152 3691 1205 3739 aut
1230 3692 1293 3740 tro·

147 3778 259 3837 chaicis
284 3777 422 3855 pedibus,
451 3776 562 3854 quibus
587 3775 619 3833 in
646 3795 682 3832 eo
708 3784 867 3852 systemate
892 3795 953 3833 non
979 3787 1043 3835 erat
1069 3777 1161 3846 locus,
1185 3777 1292 3836 misere

148 3871 278 3931 subinde
308 3871 517 3931 claudicantes.
570 3869 746 3938 Exordium,
778 3889 838 3948 quo
869 3871 963 3929 utitur
992 3871 1052 3940 ille,
1079 3871 1136 3929 hoc
1163 3881 1222 3929 est:
1257 3872 1294 3932 Τι’

148 3965 274 4026 Πλάτων
294 3965 338 4024 rol
358 3964 541 4023 Σπεύσιππος
569 3963 613 4022 rai
636 3962 804 4035 Μενέδημος,
826 3965 831 4045 Ι
852 3963 922 4046 πρδς
946 3969 1004 4022 τίσι
1027 3969 1069 4024 νῦν
1092 3964 1291 4048 διατρίβουσις

149 4067 219 4121 ποία
243 4065 376 4144 ppassim
402 4061 408 4144 Ι
432 4068 511 4120 ποῖος
533 4061 562 4120 δὲ
583 4062 669 4135 λόγος
692 4060 861 4142 διερευνᾶται
886 4059 967 4141 nopai
986 4068 1079 4131 τοΐσι;
1107 4061 1113 4143 Ι
1138 4063 1179 4120 ‘rai
1197 4061 1227 4123 δέ
1244 4091 1291 4137 μοι

147 4187 174 4218 κ.
191 4186 219 4216 τ.
234 4171 261 4216 λ.
295 4158 372 4216 Vide
387 4177 477 4235 supra
487 4157 524 4214 ad
538 4157 674 4217 Alexidis
688 4157 808 4233 Fragm.
820 4157 857 4214 X.
871 4177 901 4214 n.
912 4165 938 4215 4.
956 4167 987 4214 et
1000 4158 1038 4214 ad
1053 4159 1076 4216 F
1078 4179 1172 4236 ragm.
1184 4159 1291 4224 xvu.

147 4277 199 4314 nn.
214 4265 241 4316 2.
257 4265 285 4315 4.
307 4255 428 4313 Tatium
445 4253 536 4312 Greek
554 4253 662 4334 Tragia
675 4253 734 4312 aad
748 4252 842 4311 Comio
856 4252 967 4310 Melrcs
983 4255 1069 4312 Praef.
1083 4275 1113 4333 p.
1128 4255 1168 4315 ix.
1208 4256 1289 4318 Vide

147 4362 250 4410 autem
264 4371 363 4408 aunon
380 4349 540 4426 legentium
556 4349 609 4407 sit:
639 4349 682 4404 sal
697 4353 728 4405 τί
739 4346 807 4404 ποτ’
824 4345 1009 4426 α’φωρῖσαντο
1025 4348 1068 4404 nai
1087 4353 1159 4410 τίνος
1173 4349 1262 4424 γε’νους
1286 4353 1294 4434 Ι
