2990 5010
578 378 818 427 nunnunnn.
1199 364 1260 427 131

124 575 201 615 esse.
237 555 315 619 Vide
329 561 456 622 Advers.
469 563 506 623 T.
520 564 663 643 II.p.86.
695 565 748 623 Ad
762 561 916 642 Sophoclis
927 562 1027 622 locum
1040 561 1112 620 citat
1124 560 1263 621 Brunck-

125 651 175 709 ius
193 652 254 712 Cic.
271 655 360 716 Tusc.
374 657 400 716 Ι.
413 667 461 719 48.
482 658 549 719 Νοιι
571 659 651 719 nasci
673 658 779 718 homiui
798 657 881 738 longe
900 666 1038 737 optumum
1057 677 1141 724 esse,·
1161 657 1263 735 proci-

123 767 201 805 mum
222 758 325 820 cutem,
346 753 551 834 quamprimum
576 755 655 814 orari.
678 755 732 813 ubi
750 753 838 833 plura
858 753 1007 831 congessit
1026 751 1176 811 Davisius.
1216 751 1264 810 Si-

125 841 238 901 militer
254 844 356 905 Alexis
373 847 484 908 Athen.
499 850 558 908 Ill.
574 869 605 928 p·
621 857 686 910 124.
701 851 735 906 Β.
759 846 864 917 cdxciv,
893 845 932 904 τύ
949 853 1066 904 πολλοῖς
1086 848 1144 904 τῶν
1167 849 1265 923 σοφοῖν

124 935 274 1017 ἀρημένον,
296 940 302 1020 Ι
322 938 361 998 ‘ni
388 942 428 1015 pari
460 941 587 1016 pradellae
616 942 665 1017 μέν
692 941 849 1024 κράτιστόν
874 941 935 1001 ἔστ’
958 940 1009 1012 u’el,
1031 939 1037 1020 Ι
1056 938 1126 1000 indu
1151 938 1265 1014 γένηται

126 1030 158 1102 δ’,
179 1033 213 1091 uir
232 1031 353 1116 τάχιστ’
373 1035 451 1118 ἔχειν
469 1037 560 1099 τέλος.
595 1039 731 1117 Theogn-
746 1047 813 1100 425.
840 1036 952 1096 πάντων
971 1034 1080 1118 (α’ρχιίιι
1099 1036 1196 1114 Stob.)
1217 1035 1266 1110 μὲν

125 1126 166 1198 μή
186 1129 269 1205 φῦναι
288 1129 489 1212 ἕτιχθόνιοισιν
507 1132 637 1214 ἄριστον,
660 1131 665 1214 Ι
684 1133 745 1206 μηδ’
760 1131 858 1192 ἐσιδεῖν
878 1131 997 1214 (ε’σορᾷν
1022 1132 1115 1191 Clem.
1128 1132 1215 1190 Alex.
1234 1141 1265 1190 et

127 1222 322 1303 Theodorei.)
339 1227 426 1301 odqu
442 1227 524 1308 ὀξέος
538 1228 639 1300 delion·
662 1227 667 1310 Ι
689 1228 782 1306 φύντα
803 1229 825 1286 δ’
844 1229 919 1287 ὅσοι
935 1227 1042 1287 ύκιστα
1061 1224 1150 1285 πύλαι
1166 1225 1264 1284 Ἀΐδαο

127 1321 261 1399 περῆσαι,
288 1319 293 1402 Ι
316 1321 360 1380 rai
388 1324 493 1382 κεῖσθαι
517 1323 627 1396 τολλιΙν
653 1325 705 1396 γῆν
729 1322 1164 1398 ἐπειρησόμενοι-ἀπῆλθεν,
1194 1320 1265 1391 abit,

126 1413 266 1474 discedit:
301 1428 331 1475 et
351 1418 487 1479 similiter
508 1420 653 1479 vertenda
678 1430 749 1478 sunt
775 1416 938 1497 sequentia,
965 1417 1100 1490 αἰιῆλθει,
1123 1414 1264 1486 ducilem,

127 1505 203 1588 ηὗρε,
220 1508 423 1586 ἐπεβουλεύθη,
437 1514 571 1583 simililer.
613 1515 690 1574 Vide
703 1515 783 1573 infra
795 1513 834 1572 ad
847 1511 965 1592 Diphili
981 1513 1100 1589 Fragm.
1113 1531 1143 1570 n.
1157 1520 1184 1571 4.

186 1641 197 1670 ¹
216 1640 307 1713 Quod
321 1643 404 1704 dedit
417 1646 615 1715 Gaisfordius,
634 1655 678 1706 est
694 1665 730 1705 ex
744 1643 948 1704 emendatione
965 1643 1102 1713 Bentleii,
1120 1644 1265 1721 probante

126 1737 216 1796 etiam
235 1738 464 1801 Hemstsrhusio
481 1741 519 1801 ad
536 1741 660 1802 Lucian.
675 1741 711 1800 T.
725 1741 791 1820 Lp.
806 1748 872 1801 484.
913 1739 1014 1818 Vulgo
1036 1739 1165 1798 absurde
1184 1739 1265 1818 lege-

127 1831 232 1890 batur:
260 1833 313 1892 τδν
327 1834 415 1905 ἥλιον,
434 1835 489 1894 τᾶν
507 1834 595 1896 κοινδν
612 1834 720 1917 ἀστέρ’,
742 1862 766 1893 κ.
779 1861 808 1893 τ.
819 1846 848 1893 λ.
888 1832 988 1905 Quam
1001 1833 1157 1896 lectionem
1174 1835 1265 1892 miror
1334 1849 1335 1852 ’

127 1928 313 1990 Meinelsium
335 1932 502 1993 retinuisse.
541 1933 666 1992 Frustra
686 1930 910 1992 Valckenaerius
930 1930 970 1988 ad
985 1950 1068 1990 oram
1089 1930 1265 2009 exemplaris

127 2025 288 2085 Menandri
304 2027 351 2084 ed.
370 2027 476 2089 Cleric.
492 2026 573 2105 quod
590 2047 684 2106 penes
701 2025 867 2086 Luuacium
884 2024 959 2084 fuit:
983 2023 1077 2106 αἰθέρ’,
1092 2024 1171 2105 ὕδωρ,
1189 2023 1265 2102 νέφη.

127 2121 268 2179 Ceterum
285 2121 413 2182 Bentleii
432 2123 668 2183 emendationem
685 2122 802 2180 firmare
821 2119 941 2179 videtur
954 2120 1044 2179 etiam
1067 2120 1266 2178 Horatianum

126 2215 203 2273 unu
222 2199 321 2294 nps't.
339 2218 364 2277 1.
378 2218 406 2279 6.
419 2227 445 2278 3.
467 2217 558 2277 uum
579 2218 663 2278 sum
679 2226 706 2277 a
721 2217 828 2286 stum,
847 2219 901 2276 sc.
941 2214 1061 2275 Lucro.
1075 2215 1112 2273 v.
1127 2222 1193 2275 σοι.
1216 2215 1266 2274 so

127 2309 225 2389 igitur,
239 2312 331 2381 solem,
347 2313 451 2383 lunum,
465 2313 615 2393 deliusque
624 2311 791 2392 putandum,
805 2314 859 2371 &a
899 2309 1104 2370 conferendus
1118 2321 1163 2368 est
1178 2311 1264 2370 Men-

127 2407 218 2466 ander
240 2408 322 2486 apud
345 2408 499 2468 Plutarch.
519 2409 557 2469 de
571 2409 653 2469 Aud.
671 2410 756 2468 Poet.
776 2429 806 2487 p.
823 2415 870 2468 21.
891 2407 923 2466 C.
944 2405 1054 2476 ἅπανθ’,
1078 2405 1135 2464 ὅσα
1159 2407 1196 2487 ζῇ
1221 2404 1266 2464 καὶ

127 2501 180 2562 τύν
204 2504 282 2574 ἥλιον
304 2504 404 2580 βλέπει
425 2504 430 2585 Ι
450 2505 505 2563 σύν
530 2503 619 2564 κοινύν
643 2506 713 2579 ἡμῖν,
740 2504 827 2564 δοῦλα
854 2502 937 2561 ταῦτ’
955 2500 1014 2562 ἔσθ’
1042 2501 1147 2572 sidonis.
1188 2501 1265 2562 Vide

104 2619 107 2628 ’
127 2600 205 2660 infra
218 2601 337 2680 Fragm.
352 2602 392 2661 X.
406 2611 434 2672 7,
449 2610 476 2663 8.
495 2602 599 2680 ibique
611 2621 641 2660 n.
655 2611 683 2669 7.

183 2713 195 2742 ³
216 2713 413 2772 “Plurimum
431 2713 573 2772 molestiae
593 2713 744 2772 facessivit
759 2731 862 2772 versus
875 2712 999 2791 quintus
1015 2710 1130 2782 Grotio,
1148 2731 1266 2772 necnon

128 2806 271 2879 Bentleio,
292 2809 412 2889 Toupio
429 2808 461 2866 in
479 2807 612 2879 Suidam,
625 2809 694 2868 Vol
710 2808 751 2866 ll.
764 2829 794 2886 p.
808 2815 874 2868 451.
902 2806 1132 2866 Hemsterhusio
1147 2806 1186 2866 ad
1203 2808 1265 2867 Lu-

126 2902 200 2962 sian.
215 2903 281 2962 Vol.
296 2905 320 2962 1.
333 2924 363 2982 p.
372 2911 438 2963 434.
460 2902 631 2982 Tyrwhitto
643 2903 675 2961 in
688 2902 867 2981 Appendice
879 2902 919 2961 ad
936 2900 1099 2981 Tonpium,
1114 2911 1145 2960 et
1163 2901 1265 2983 Scrip-

126 2997 242 3055 toribus
263 2998 330 3057 Act.
349 2997 446 3056 Erud.
461 2998 585 3058 MDXl.
626 2999 775 3057 Porsonus
794 3017 859 3056 rem
881 3016 937 3057 acu
956 2995 1066 3074 tetigit
1107 2997 1265 3058 Diversum

125 3091 198 3150 olim
215 3092 451 3152 emendationem
467 3103 651 3172 preceperat
668 3093 701 3151 in
718 3092 897 3172 Appendice
914 3091 953 3153 ad
970 3091 1083 3171 Toupii
1104 3092 1266 3152 suia-

128 3185 233 3246 Furcis
249 3187 442 3266 expellendus
459 3208 563 3248 versus
582 3188 664 3268 apud
681 3190 749 3248 Act
772 3187 855 3267 Lips.
872 3208 903 3267 p.
919 3195 985 3249 301.
1013 3189 1079 3269 πῦρ·
1101 3190 1197 3246 ταῦτα
1217 3185 1266 3246 ud·

123 3281 227 3342 ἐκατδν
239 3281 290 3353 ἔτη
303 3283 386 3359 βιοῦν
399 3309 432 3342 σε
448 3283 496 3343 δεῖ.
534 3283 585 3342 κᾶν
600 3283 643 3343 δεῖ
660 3285 802 3345 soloecum
821 3287 893 3345 est.”
912 3282 1068 3345 Wsnnor..
1103 3284 1265 3364 Egregium

128 3378 250 3438 Personi
270 3379 506 3440 emendationem
531 3380 564 3439 in
585 3390 757 3440 contextum
777 3380 880 3440 intulit
899 3380 1096 3441 Gaisl'ordius.
1129 3380 1264 3459 Legeba-

125 3485 189 3534 tur:
211 3476 307 3534 ταῦτο
323 3473 376 3547 ἔτη
394 3475 444 3556 κᾷν
461 3474 565 3554 interdu
579 3475 727 3550 βιάσεται.
768 3477 869 3549 Quam
878 3476 1000 3555 juvenis
1012 3477 1112 3537 adhuc
1125 3476 1265 3556 Append.

126 3571 164 3630 ad
177 3571 275 3651 Toup.
288 3593 319 3651 p.
333 3573 400 3635 486.
419 3582 604 3652 praeceperat
623 3572 869 3643 emendationem,
889 3572 954 3632 haer
970 3583 1033 3632 est:
1061 3571 1157 3631 ταυτιί
1169 3575 1265 3631 ταῦτα

126 3665 176 3725 κᾶν
187 3665 291 3728 incedo
301 3666 370 3748 βιῷι
382 3666 444 3738 ἔτη.
474 3668 573 3739 Unde,
587 3681 622 3728 ut
631 3667 760 3737 videtur,
774 3666 932 3746 proficiens
941 3669 1098 3729 Jacobsius
1107 3667 1264 3728 adAthen.

126 3785 156 3842 p·
173 3771 237 3824 105.
258 3762 377 3824 scribit:
417 3766 513 3822 ταῦτα
541 3761 598 3846 qdp
623 3761 676 3833 ἔτη
701 3761 752 3822 κᾶν
775 3761 879 3822 ἑκατδν
906 3761 975 3843 βιῷι
1003 3761 1057 3824 ἔτι.
1111 3764 1264 3842 Heringa:

128 3859 208 3918 ταῦτ’
229 3857 282 3931 ἔτη
305 3857 341 3920 σύ
356 3857 406 3920 κᾶν
422 3858 525 3920 ἕκατδν
540 3857 620 3936 βιούς·
642 3855 694 3918 a'rl.
733 3859 899 3928 MeinekiO,
916 3869 1047 3919 &sumta
1065 3859 1177 3938 Toupii
1194 3880 1264 3920 con·

124 3956 248 4037 jectum,
269 3955 371 4035 (rorid',
391 3956 496 4038 ἑταῖρε,
521 3953 570 4014 κᾶν
589 3953 692 4016 erardo
713 3954 781 4035 βιᾷι
806 3951 870 4032 ἔτη)
891 3953 973 4013 ταῦτ’
997 3954 1041 4014 u’el
1056 3955 1112 4038 γύρ
1134 3955 1264 4016 scriben-

126 4053 198 4112 dum
211 4052 387 4119 videbatur:
415 4052 472 4112 nisi
492 4052 578 4112 malis
600 4053 655 4130 (ait
674 4051 738 4130 ille)
767 4050 849 4109 ταῦτ’
867 4048 918 4121 ἔτη
938 4049 987 4110 κᾶν
1004 4050 1106 4110 ἑκατόν
1124 4050 1168 4112 ἔτι
1187 4051 1265 4133 βιῷι,

124 4146 165 4206 α’ἐι
179 4146 185 4228 Ι
198 4146 271 4223 ὄψει
284 4147 417 4230 παρόντα
432 4174 490 4207 κ.τ.
496 4160 524 4207 1.
559 4148 713 4207 “Videtur
723 4147 804 4206 bunc
813 4147 913 4206 locum
921 4147 1080 4208 Menandri
1090 4148 1265 4209 animover·

125 4263 202 4304 sasse
216 4243 374 4321 aliquoties
387 4244 431 4303 M.
440 4242 592 4316 Aurelius,
602 4243 654 4322 qui
667 4243 687 4303 l.
702 4243 744 4300 ΙΙ.
755 4251 799 4302 14.
813 4253 844 4300 et
856 4241 927 4300 alibi
941 4241 1049 4322 saepius
1060 4242 1167 4302 similia
1179 4245 1263 4314 dixit,

125 4350 159 4400 ut
167 4349 248 4400 recte
258 4338 469 4400 animadvertit
478 4338 586 4401 Thom.
597 4337 774 4399 Galaketus.
808 4336 870 4417 Κᾷν
883 4341 1030 4420 τρισχίλια
1043 4336 1096 4410 ἔτη
1108 4339 1264 4414 (inderetur

1072 4445 1163 4512 9-a
