2948 5010
449 379 678 432 versiones
703 382 878 432 LATINAE.

527 595 575 660 n.
601 598 632 660 2.
681 595 820 682 (Pes.)

103 756 256 838 Sapientis
276 781 352 839 opus
372 774 418 822 est
440 784 562 842 operam
582 763 692 823 delitiis
712 764 792 835 dure,

103 853 181 912 Tres
202 875 330 933 quarum
350 857 383 915 in
403 878 529 918 numero
550 868 621 918 sunt
643 857 788 937 pollentes
809 858 947 927 maxime,

103 947 187 1008 vitae
207 962 412 1011 consummant
429 974 497 1031 quae
516 953 741 1023 beatitudinem,

104 1044 213 1104 Potare
236 1055 267 1104 et
289 1046 377 1106 edere
397 1059 431 1108 et
447 1049 576 1108 Veneris
596 1050 714 1108 fructus
735 1069 871 1127 carpere:

102 1139 292 1199 Accessionis
311 1141 369 1200 alia
389 1141 527 1202 habenda
548 1153 619 1203 sunt
638 1143 713 1203 vice.

105 1345 255 1424 Sapientis
278 1358 324 1407 est
343 1349 512 1428 voluptates
533 1351 682 1411 sectarier.

104 1439 179 1500 Tres
201 1442 281 1502 inter
301 1443 354 1503 has
375 1445 510 1523 potentia
532 1458 603 1505 sunt
623 1446 768 1524 praeditae,

20 1559 24 1572 ·
104 1537 254 1616 Apprime
274 1561 342 1618 quoe
366 1542 404 1600 sit
425 1542 508 1601 utilis
530 1543 722 1602 mortalibus:

104 1631 213 1702 Edere,
235 1634 347 1705 bibere,
371 1635 560 1715 Venerisque
578 1637 754 1697 muneribus
774 1637 845 1695 frui.

103 1729 292 1789 Accessionis
315 1732 414 1791 omnia
433 1733 548 1811 reliqua
571 1746 641 1793 sunt
660 1733 734 1794 loco.

550 2043 617 2109 ΙΙΙ.
661 2044 717 2129 (Ρ.
732 2043 802 2126 30.)

578 2211 762 2292 AEquilibrio.

105 2339 148 2399 Ut
168 2340 226 2400 sibi
249 2353 399 2420 quaestum
419 2342 578 2402 concilient
597 2362 633 2401 ac
654 2341 822 2419 despolient
843 2341 980 2415 alterum,

104 2434 169 2493 Prae
189 2434 247 2495 hoc
267 2436 368 2497 labore
391 2437 508 2515 reliqua
530 2446 637 2497 cuncta
660 2435 776 2495 ducunt
797 2438 1009 2514 perfunctoria.

103 2530 252 2591 Omnibus
271 2542 392 2593 struunt
413 2532 547 2592 insidias.
568 2544 730 2611 postquam
752 2532 794 2591 sic
817 2552 882 2592 rem
901 2533 1037 2604 fecerint,

102 2627 173 2687 Alia
192 2627 250 2688 sibi
273 2629 403 2689 scortilla
421 2629 593 2689 adsciscunt
614 2628 686 2686 artis
707 2627 819 2688 tirones
836 2648 944 2688 novas:

105 2723 169 2782 Has
192 2723 346 2801 refingunt
368 2745 403 2783 ac
424 2725 596 2793 reformant,
620 2732 656 2781 ut
674 2741 730 2782 nec
750 2742 847 2782 mores
870 2734 957 2783 antea

104 2819 179 2877 Tam
201 2828 346 2888 tutentur,
368 2839 423 2879 nec
446 2819 484 2878 sit
504 2818 585 2877 idem
607 2817 709 2876 vultus
731 2818 923 2896 qui'pridem
943 2819 1010 2878 fuit

103 2912 136 2972 si
157 2914 266 2992 pusille
288 2925 334 2974 est
355 2915 464 2993 aliqua,
486 2916 576 2974 suber
596 2913 717 2973 additur
739 2913 915 2993 sculponeis.

102 3008 208 3087 Longa
229 3019 275 3068 est
296 3009 374 3068 alia?
398 3010 532 3088 plantam
548 3008 632 3068 tenui
653 3008 759 3068 leviter
780 3009 870 3069 vestit
889 3009 1055 3082 diabathro,

103 3104 144 3162 Et
164 3105 261 3182 capite
280 3105 311 3162 in
332 3104 473 3164 humeros
495 3104 607 3183 rejecto
626 3104 777 3184 publicam
798 3104 910 3165 incedit
931 3106 1026 3164 viam:

102 3199 234 3258 Tantum
254 3200 317 3259 abit
338 3200 518 3278 proceritati.
560 3199 591 3258 Si
613 3199 741 3279 depygis
762 3200 854 3259 altera
872 3209 926 3269 est,
1209 3209 1245 3260 10

103 3295 312 3355 Fulmentatur
331 3296 519 3370 assumentis,
544 3306 579 3355 ut
599 3296 653 3375 qui
672 3306 793 3355 euntem
818 3295 1000 3374 conspicaut,

102 3392 183 3450 Bene
204 3379 353 3450 clunatam
373 3391 538 3451 exclament
558 3410 669 3449 omnes.
693 3391 767 3450 sicui
786 3400 890 3449 venter
914 3391 1074 3468 prominet,

103 3485 223 3556 Fasciis,
246 3486 348 3545 videre
371 3486 473 3564 quales
493 3485 526 3543 in
549 3484 702 3544 comoediis
722 3485 802 3554 licet,

102 3581 271 3654 Arrectaria
290 3581 412 3658 insuper
432 3579 555 3649 addunt,
577 3591 607 3638 et
627 3579 668 3638 sic
690 3579 773 3656 quod
792 3582 968 3658 protuberet

103 3677 171 3736 Alvi
193 3677 333 3746 exterius,
356 3676 388 3734 id
407 3686 570 3735 retrorsum
591 3675 734 3752 redigunt
756 3685 899 3754 tanquam
918 3676 1066 3737 trudibus.
1209 3686 1245 3737 15

103 3772 178 3844 Quae
198 3774 302 3833 rufum
322 3771 511 3850 superciliata
533 3780 586 3840 est,
606 3770 744 3848 pingitur
765 3771 903 3850 fuligine.

103 3868 199 3946 Nigra
220 3867 306 3945 siqua
326 3876 380 3936 est,
401 3866 439 3924 de
452 3885 575 3932 ‚cerussa
597 3865 705 3923 falsum
727 3866 887 3926 candorem
907 3866 1008 3928 trahit.

103 3963 151 4024 Ad
170 3965 314 4043 pallorem
336 3964 421 4041 siqua
443 3963 574 4031 albescit,
594 3960 659 4020 baec
681 3955 808 4020 acantho
829 3962 997 4041 inungitur.

102 4060 227 4118 Nudum
247 4059 420 4120 habendum
440 4079 474 4118 ac
494 4056 676 4136 promercale
693 4055 796 4134 siquid
815 4056 977 4136 pulchrum
995 4059 1028 4117 in
1048 4078 1172 4139 corpore
1191 4070 1245 4122 est.

101 4155 212 4214 Dentes
233 4165 319 4214 nacta
342 4165 387 4213 est
406 4155 573 4232 elegantes?
594 4169 770 4232 pernecesse
789 4162 835 4214 est
852 4152 958 4223 rideat,
1205 4164 1245 4219 20

102 4251 144 4308 Ut
164 4250 348 4327 conspiciant
372 4258 521 4327 quotquot
540 4247 650 4308 adsunt
674 4267 764 4325 quam
786 4247 824 4306 sit
844 4267 895 4306 ore
916 4249 1086 4310 venustulo.

102 4346 191 4417 Quod
212 4346 237 4403 si
258 4346 351 4404 risum
371 4365 431 4405 non
451 4345 579 4414 amassit,
600 4343 736 4404 desidere
756 4343 835 4404 intra
854 4343 978 4406 domum

103 4444 237 4534 ninxis]
