3060 5030
654 407 802 455 PnnTO.
1256 382 1299 481 13

157 581 255 640 Andr.
272 579 312 639 ΙΙ.
327 588 354 639 4·
369 588 396 639 4.
417 579 555 661 ευρετικδν
571 579 639 640 εἶναί
654 590 726 658 φασι
740 580 792 651 τιΙν
807 579 919 661 ε’ρημίαν
933 579 938 660 Ι
954 584 980 636 οῖ
996 577 1047 636 ade
1061 577 1149 658 ὀφρῦς
1162 579 1297 655 α’ίροντες.

157 678 207 736 Ita
231 677 398 736 Bentleius:
427 677 519 754 vulgo
543 676 694 758 ειίρετικήν.
731 677 779 738 Id.
802 677 885 757 apud
909 678 991 737 Stob.
1015 675 1052 733 Τ.
1073 683 1120 735 22.
1143 684 1171 745 9·
1198 677 1225 730 oi
1247 671 1301 728 τοῖς

159 772 246 854 ὀφρῦς
273 774 397 854 αἴροντες
424 771 457 832 οἷς
478 771 642 854 ἀβέλτεροι,
673 772 678 853 Ι
701 773 746 831 καί
772 773 946 848 σκέψομαι
978 770 1117 845 λέγοντες.
1157 768 1301 848 Diphilus

77 867 86 874 .
160 868 271 928 Athen.
284 866 328 926 ῙῙ.
348 888 379 947 p.
392 876 440 928 35.
460 869 500 926 D.
523 867 574 926 τθν
597 867 649 928 τοῖς
672 867 757 950 ὀφρῦς
780 873 899 950 αἴροντα
923 869 1076 941 συμπείθεις
1100 867 1194 944 γελᾷν.
1234 863 1303 922 Me-

160 962 250 1022 nand.
273 963 356 1041 apud
380 962 463 1021 Stob.
487 962 523 1022 T.
548 971 612 1024 108.
637 973 686 1024 31.
718 960 887 1022 ἀνασπάσας
913 989 954 1022 τις
980 960 1034 1021 atie
1061 961 1156 1042 ὀφρῦς.
1199 958 1304 1038 1ΑῙθὶίίε

161 1057 272 1117 Athen.
289 1057 351 1118 III.
371 1079 401 1136 p.
417 1066 481 1118 124.
495 1059 530 1118 F.
552 1057 616 1116 τοιίς
633 1058 682 1131 μέν
703 1057 883 1140 στρατηγοῖς
904 1057 956 1115 τος
974 1057 1062 1138 ὀφρῦς
1080 1055 1151 1115 ἐπάν
1167 1054 1215 1112 ’ίδω
1235 1053 1240 1133 Ι
1257 1053 1305 1111 α’ν-

162 1151 335 1222 εσπακότας,
358 1151 441 1211 δεινθν
463 1153 511 1227 μὲν
534 1154 653 1227 ἠγοῦμαι
677 1162 772 1225 ποιεῖν,
796 1151 802 1234 Ι
827 1152 860 1211 ati
883 1151 952 1211 πα’νυ
976 1179 1004 1210 τι
1028 1149 1158 1230 θαυμάζω
1183 1149 1212 1208 δὲ
1234 1175 1305 1230 προ-

162 1246 357 1320 τετιμημένους
381 1247 386 1328 Ι
410 1247 466 1306 timi
488 1251 539 1321 τῆς
563 1247 669 1307 πόλεως
692 1246 786 1328 μεῖζόν
809 1275 837 1306 τι
862 1251 919 1306 τῶν
944 1246 1037 1306 ἄλλων
1062 1254 1182 1326 φρονεῖν.
1211 1242 1216 1325 Ι
1242 1243 1308 1302 τοῖς

163 1342 185 1401 δ’
208 1342 386 1424 ἰχθυοπώλας
408 1343 473 1401 ‘rotie
494 1343 602 1403 κάκιστ’
624 1342 826 1416 ἀπολουμένους
849 1343 855 1424 Ι
876 1342 950 1402 ε’ποίν
971 1342 1019 1402 tia
1044 1342 1121 1400 κάτω
1144 1339 1307 1417 βλέποντας

163 1437 216 1497 τοῖς
242 1437 263 1496 δ’
288 1438 374 1518 ὀφρῦς
401 1437 406 1520 Ι
432 1437 554 1520 ἐ’χοντας
582 1438 673 1499 ε’πιίνω
700 1443 750 1510 τῆς
782 1440 911 1520 κορυφῆς,
945 1438 1147 1512 ἀποπνίγομαι.
1201 1435 1309 1513 Eurip.

163 1533 232 1611 Iph.
254 1533 293 1590 A·
314 1539 381 1600 378.
414 1532 453 1606 μή
478 1536 540 1591 λίαν
566 1531 620 1591 ἅνω
647 1533 652 1614 Ι
679 1531 816 1614 βλέφαρα
843 1533 913 1613 πρδς
940 1529 1213 1604 τᾶναιδέςαγαγοίν.
1260 1528 1308 1586 Cf.

162 1629 306 1689 Valcken.
327 1628 366 1687 ad
386 1629 494 1707 Eurip.
515 1628 611 1707 Hipp.
632 1650 662 1707 p.
682 1637 747 1690 183.
781 1628 904 1689 Dobraei
928 1627 1056 1687 Advers.
1079 1627 1115 1685 T.
1131 1627 1172 1684 11.
1192 1647 1223 1705 p.
1241 1633 1306 1694 193.

163 1724 309 1784 Mitchell.
330 1725 369 1784 ad
388 1725 542 1803 Aristoph.
564 1724 695 1784 Acharn.
715 1725 782 1795 968.

242 1835 264 1865 ¹³
285 1834 331 1891 “d
350 1834 481 1916 φρόνιμος
502 1836 554 1914 (sc.
575 1834 672 1912 λόγος)
692 1836 803 1914 passim
822 1835 902 1894 idem
922 1843 967 1894 est
987 1835 1069 1913 quod
1090 1833 1222 1916 φρόνησις
1246 1835 1309 1896 sive

164 1929 204 1988 τδ
236 1928 377 2010 φρόνιμον,
411 1929 580 2010 sapientia?
615 1931 769 1988 annn.
813 1931 890 1989 Bato
910 1929 1021 1989 Athen.
1042 1931 1104 1990 IV.
1127 1951 1157 2008 p.
1181 1930 1245 1990 163.
1271 1927 1308 1986 B.

165 2029 222 2084 wia
245 2025 411 2104 φιλοσόφων
435 2025 500 2084 wic
525 2025 672 2108 σοι’φρονας
695 2025 825 2086 ἐνταυθοῖ
847 2028 933 2097 καλοῖ,
961 2024 965 2106 Ι
992 2025 1058 2084 ‘rotie
1084 2025 1193 2100 α’γαθθν
1218 2025 1311 2083 αὐτοῖς

165 2121 198 2179 οὗ
224 2120 346 2180 διδόντας
373 2121 436 2180 otis*
461 2121 497 2192 ἓν,
526 2120 531 2202 Ι
557 2122 623 2181 τοιῖς
649 2121 701 2180 ‘niv
724 2121 857 2203 φρόνιμον
880 2123 1035 2202 ζητοῦντας
1059 2121 1087 2180 ἐν
1110 2129 1169 2179 τοῖς
1192 2120 1311 2202 περιπεί-

166 2243 226 2275 Tot?
252 2215 257 2297 Ι
285 2218 329 2275 itai
355 2223 416 2274 Ταῖς
443 2216 600 2298 δίατρῑβαῖῗ
627 2215 721 2296 ὥσπερ
748 2215 976 2297 ἅπθδέδρακόται
1027 2216 1112 2275 Idem
1138 2214 1211 2274 ibid·
1235 2212 1310 2275 VII·

165 2335 195 2392 p.
223 2322 290 2383 279.
318 2313 352 2370 C.
385 2311 451 2393 ἕξθν
476 2312 577 2386 γυναῖκ’
602 2309 712 2393 ἔχοντα
739 2312 919 2370 κατακεῖσθαι
952 2309 1046 2383 καλιΙν,
1079 2309 1084 2390 Ι
1112 2310 1156 2368 καί
1186 2308 1311 2384 Λεσβίου

166 2408 284 2490 χυτρῖδε
302 2407 446 2489 (χυτρίδια
469 2406 632 2487 Porsonus)
653 2405 806 2482 λαμβάνειν
828 2404 885 2464 ito·
908 2405 914 2488 Ι
936 2405 954 2463 o‘
974 2404 1104 2488 φρόνιμός
1125 2404 1188 2464 ε’στι
1210 2407 1311 2475 τοῦτο,

166 2507 258 2562 τοῦτο
279 2502 416 2577 τάγαθόν.
456 2503 536 2562 Vide
557 2503 722 2563 Casaubon.
743 2503 782 2560 ad
801 2502 912 2561 Athen.
931 2523 962 2581 p.
976 2510 1042 2562 313.
1142 2540 1147 2551 -

248 2615 268 2644 ¹⁴
288 2616 484 2694 “aeptaawc,
507 2612 628 2692 proprie
651 2620 761 2691 σμιίιικ,
785 2611 863 2671 lacus
884 2610 1106 2670 deambulationi
1130 2610 1310 2676 destinatus;

164 2722 233 2769 ¹tum
246 2719 276 2769 et
288 2709 497 2787 metonymice,
516 2709 623 2779 schola,
642 2720 673 2768 et
686 2707 844 2788 disputatio
854 2706 1079 2788 philosophica?
1121 2708 1312 2768 Scnwmen-

169 2823 291 2863 mesen.

248 2916 268 2946 ¹⁵
289 2915 388 2974 “Vox
408 2913 541 2995 διατριβή
558 2935 574 2973 e
593 2914 701 2974 scholis
722 2913 969 2992 philosophorum
987 2914 1083 2992 petita
1103 2923 1157 2985 est,
1176 2923 1207 2973 et
1224 2914 1313 2973 modo

168 3011 295 3070 schalam
317 3011 412 3090 ipsam
435 3011 565 3080 denotat,
592 3011 682 3069 modo
704 3010 828 3069 stadium
850 3009 1060 3081 scholasticum,
1087 2994 1229 3069 cauditum
1252 3019 1313 3070 stu-

169 3105 257 3176 dium,
276 3115 307 3166 et
323 3104 529 3185 disputationes
546 3106 688 3164 doctorum
704 3104 874 3187 hominum?
896 3105 1196 3166 Scnwmanmuenn.
1238 3107 1314 3166 Mox

168 3203 276 3262 leviter
294 3203 391 3278 figunt
408 3211 477 3281 post
493 3199 711 3283 ἀποδεδρακότα
728 3199 798 3260 Ald.
815 3211 846 3260 et
863 3201 1128 3279 Schweighaeuser.

250 3313 270 3343 ¹⁶
291 3312 465 3392 Suspectam
490 3313 597 3373 habuit
621 3299 970 3393 particulamcordyuS,
995 3314 1048 3391 qui
1075 3311 1156 3371 οὗτοί
1177 3312 1202 3386 γ’
1221 3313 1312 3373 coni-

170 3408 305 3487 gendum
325 3408 449 3466 censuit.
480 3407 578 3484 Lege:
600 3404 693 3465 ὅντως.
715 3407 766 3467 Sic
783 3407 936 3485 Aristoph.
954 3406 1047 3486 Vesp.
1066 3417 1132 3478 997.
1153 3404 1238 3466 ὄντος
1257 3406 1314 3465 α’π-

170 3503 275 3581 έφνγες
311 3503 356 3560 ld.
379 3504 452 3560 Ran.
468 3509 532 3570 189.
552 3499 578 3558 ἐς
599 3499 717 3582 κόρακας
737 3499 839 3571 ὅντως;
879 3502 928 3561 De
948 3500 1034 3560 οὕτως
1054 3512 1084 3562 et
1103 3499 1190 3560 ὅντως
1210 3503 1313 3561 confu-

172 3600 212 3658 sis
240 3597 310 3656 vide
339 3596 480 3656 Schaefer.
499 3595 537 3654 ad
555 3595 598 3653 H.
612 3595 715 3674 Steph.
736 3595 824 3655 Thes,
843 3597 895 3654 Gr.
915 3597 1003 3675 Ling.
1021 3618 1051 3675 p.
1065 3604 1151 3658 3583.
1191 3596 1314 3656 Dobraei

172 3695 300 3755 Advers.
322 3695 357 3751 Τ.
374 3695 416 3752 ΙΙ.
434 3714 465 3771 p.
479 3700 525 3751 80.
559 3691 636 3750 Vide
657 3702 687 3750 et
705 3691 783 3749 infra
802 3712 832 3750 n.
848 3702 874 3751 1.
893 3692 931 3750 ad
952 3693 1088 3752 Alexidis
1109 3693 1228 3771 Fragm.
1243 3691 1312 3751 XV.

252 3817 272 3850 ¹⁷
292 3818 399 3876 Verte:
424 3824 452 3874 et
470 3822 559 3895 caput
578 3813 671 3893 piscis
689 3820 802 3893 petant,
828 3822 966 3894 tanquam
989 3797 1163 3896 quaestionis,
1186 3816 1218 3878 h.
1230 3837 1256 3876 e.
1279 3828 1314 3878 ut

173 3914 205 3971 in
226 3913 390 3974 tractandis
414 3910 629 3990 quaestionibus
652 3919 682 3969 et
701 3909 829 3987 negotiis
850 3912 924 3972 solet
942 3913 987 3971 rei
1013 3923 1103 3992 caput
1128 3912 1200 3991 peti.
1240 3921 1314 3972 “xe-

174 4008 253 4087 φαλιὶ
279 4011 328 4070 vel
354 4008 506 4086 κεφάλαιον
528 4007 610 4087 apud
635 4007 778 4066 Rhetoras
805 4017 850 4066 est
872 4028 981 4068 samma
1003 4007 1176 4090 questionis,
1199 4024 1314 4072 ὀαιιισα

173 4105 318 4185 conjectio.
359 4107 404 4165 Eo
423 4105 616 4174 hiealludit:
636 4124 706 4162 nam
727 4106 845 4184 πρᾶγμα
866 4115 911 4164 est
931 4105 992 4164 lisJ'
1033 4105 1134 4164 (ἕπον.

602 4375 867 4384 Μ
