2990 5010
610 375 839 425 rnrunnon.
1117 385 1128 414 κ
1230 366 1295 430 155

151 557 257 616 dentes
279 576 391 626 versus,
414 575 489 634 quos
502 557 627 634 reliquae
642 558 753 616 Stobaei
769 558 914 616 editiones
934 557 1115 616 Philemonis
1129 557 1296 618 Palamede

151 653 301 720 tribuunt,
318 651 441 710 Philisci
457 671 567 710 nomen
584 653 741 731 apposuit3
766 673 826 731 qua
846 653 878 709 in
897 671 929 710 re
952 671 1014 710 non
1037 651 1147 710 codicis
1168 654 1297 732 auetori7

151 758 245 806 tatem
268 748 322 808 sed
348 768 436 806 suum
458 747 554 826 ipsius
577 747 729 826 judicium
755 759 917 826 sequutum
939 767 1003 808 osse
1031 748 1172 807 Grotium
1196 769 1235 807 ex
1261 750 1298 809 iis

153 843 341 921 intelligitur,
363 865 432 922 quae
448 843 568 922 scripsit
590 844 637 902 vir
655 865 790 902 summus
811 865 841 922 p.
854 843 922 904 564.
963 845 1115 922 Equidem
1131 855 1167 903 ut
1186 865 1297 925 prisce}

152 938 227 996 dens
241 939 443 1016 fragmentum
462 939 593 1016 Tragioo
613 949 709 1016 poetae
729 939 925 1000 tribuendum
944 959 1009 1002 esse
1029 939 1136 998 lubens
1158 941 1298 1012 concedo,

153 1035 195 1092 ito
218 1034 264 1092 his
284 1035 409 1112 quidem
432 1035 568 1094 versibus
588 1034 664 1092 nihil
687 1036 783 1094 inesse
802 1035 900 1106 video,
923 1035 1007 1113 quod
1029 1056 1047 1093 a
1069 1035 1192 1098 Comico
1210 1047 1299 1114 poeta

152 1129 214 1188 diei
230 1150 290 1190 non
306 1129 464 1208 potuerit”
505 1130 655 1189 Mnrnnx.
696 1129 834 1188 Correxit
848 1151 880 1188 se
893 1129 1018 1188 Grotius
1032 1129 1064 1188 in
1076 1140 1190 1190 annott.
1204 1130 1297 1204 MSS,

152 1225 236 1302 apud
256 1225 471 1293 Gaisfordinm,
493 1223 559 1287 loco
579 1233 708 1302 utroque
732 1224 899 1288 Philemoni
919 1225 1077 1284 retributo.

211 1337 223 1373 ²
243 1335 281 1408 μη
293 1337 377 1395 ’hinov
389 1337 480 1396 etiam
494 1337 660 1406 Sohowins3
675 1347 797 1396 notante
811 1337 973 1396 Meinelrio.
1007 1337 1126 1416 Vulgo:
1140 1335 1180 1409 μοὶ
1190 1337 1297 1400 ἀδικοῖο.

154 1433 202 1490 De
223 1433 307 1502 erasi,
330 1432 380 1491 vel
396 1431 496 1509 potins
514 1431 669 1509 aphaeresi,
691 1431 729 1504 μη
747 1431 832 1490 ’δικῶν
853 1431 1054 1492 consulendus
1075 1442 1122 1492 est
1143 1433 1298 1494 Thiersch.

154 1529 208 1586 Gr.
224 1529 276 1587 Gr.
291 1530 315 1606 ξ.
329 1529 502 1587 cnxnm.
515 1536 563 1596 27.
603 1528 655 1586 Ad
669 1527 727 1588 loci
741 1529 929 1598 sententiam,
943 1530 1060 1588 oonfert
1073 1529 1115 1588 H.
1130 1530 1299 1608 Stephanus

155 1626 230 1683 Xen.
250 1627 360 1702 Cyrop·
380 1624 416 1682 V.
440 1632 469 1682 2.
483 1633 513 1694 9.
544 1623 670 1681 ,πολλαὶς
696 1622 745 1696 μὲν
769 1626 864 1697 οἴομαι
891 1622 957 1682 εἶναι
982 1622 1152 1704 dndpu'noor,
1176 1628 1204 1683 ol
1232 1627 1298 1685 orire

150 1720 270 1796 σ’σεβεῖν
289 1719 324 1778 dn
344 1717 456 1788 θέλὸιεν,
480 1717 548 1777 oii‘re
569 1718 676 1790 dinen,
701 1718 768 1779 οὔτε
788 1719 824 1778 dr
847 1719 1003 1795 perlinam
1023 1719 1132 1779 ἕκόνσειἱ
1155 1719 1230 1780 εἶναι·
1256 1723 1301 1782 ha*

152 1814 184 1874 le*
205 1813 244 1872 ro*
263 1813 363 1888 μηδένα
384 1813 479 1872 αὐτοῖς
498 1813 657 1884 ἠθεληκέναι
677 1811 816 1895 προέσθαι
837 1815 909 1888 μήτε
937 1814 1077 1897 χρήματα
1101 1817 1206 1887 πολλοὶ,
1227 1817 1299 1892 μήτε

152 1911 308 1991 τυραννίδα,
334 1909 407 1984 μήτε
433 1913 519 1990 τείχη
545 1908 654 1990 ε’ριιμνᾶ,
686 1909 757 1984 μήτε
785 1908 867 1970 τέκνα
892 1909 1064 1991 ἀξιέραστα,
1090 1910 1299 1983 ἀποθνήσκουσι

154 2004 296 2087 πρότερον
314 2007 379 2086 rrpln
395 2005 475 2075 δῆλοι
494 2001 621 2078 γενέσθαι
641 2003 695 2064 οἷοι
712 2003 793 2075 ἦσαν.
826 2007 939 2066 Confer
952 2007 1050 2066 Plaut·
1065 2007 1159 2067 Stich.
1174 2008 1238 2069 102.
1252 2010 1298 2070 60.

154 2101 304 2160 Facillime
326 2110 471 2184 spectator
493 2099 605 2174 mulier,
623 2121 688 2180 quoe
709 2100 823 2179 ingenio
842 2109 884 2159 eet
905 2101 983 2160 bono.
1006 2099 1010 2182 l
1032 2101 1097 2160 ΡΑ.
1121 2101 1193 2160 Cum
1213 2106 1299 2164 πταίει

143 2196 285 2275 faciundi
305 2204 347 2256 est
363 2205 501 2276 potestas,
521 2217 584 2274 quoe
604 2217 637 2254 ne
646 2196 756 2275 saciat,
773 2197 804 2255 id
819 2205 965 2276 temperat.
1006 2197 1120 2256 Auson.
1139 2197 1176 2256 de
1193 2200 1299 2260 Biante

153 2293 305 2351 Prienaeo·
329 2291 411 2357 Quod
430 2289 584 2370 prudentis
603 2293 701 2370 opor?
725 2312 810 2370 quom
832 2293 930 2371 possit,
954 2292 1037 2352 nolle
1053 2311 1161 2352 nmero.
1186 2290 1193 2372 Ι
1222 2293 1301 2366 Quid

158 2388 240 2446 stulti
255 2387 430 2466 proprium?
452 2407 508 2444 oon
524 2406 611 2464 posse
628 2395 657 2444 e
645 2385 745 2445 evelle
764 2388 892 2446 nocere?

210 2499 274 2556 θοι
268 2495 432 2571 βὀὗλεται
447 2497 590 2556 mendose
609 2496 700 2556 habet
723 2497 835 2557 Anton
856 2498 970 2557 Meliss
990 2509 1021 2558 et
1037 2499 1151 2559 Aldina
1164 2457 1297 2580 Sylloge,

155 2605 247 2673 prout
268 2604 365 2652 exstat
385 2593 467 2671 apud
487 2592 524 2650 R.
540 2592 648 2670 Steph.
666 2593 792 2650 ΓΝΩΜ.
813 2593 1001 2652 ΜΟΝΟΣΤ.
1021 2616 1052 2674 p
1071 2603 1098 2656 8.
1139 2597 1187 2656 Ita
1209 2599 1299 2658 etiam

156 2691 244 2750 MSS.
260 2692 297 2749 A.
312 2691 348 2747 Β.
363 2710 402 2746 m.
417 2709 474 2748 see.
488 2689 571 2767 apud
584 2688 799 2748 Gaisfordium.
837 2716 875 2764 μη
870 2689 1034 2766 βούλεται
1052 2703 1149 2752 verte:
1172 2695 1298 2754 nonnult.

154 2787 231 2846 Xen.
251 2785 460 2844 Hell.111.e.
484 2792 529 2852 19.
554 2783 664 2842 eitonte
691 2784 848 2843 Matthiaeo
873 2785 926 2844 Gr.
947 2786 1000 2844 Gr.
1023 2785 1090 2848 608.
1115 2790 1142 2848 d.
1169 2789 1299 2864 ἐνόμισαν

151 2880 241 2938 αὖτδν
261 2879 299 2954 μη
319 2878 475 2954 βούλεσθαι
498 2877 647 2950 μᾶλλονιῖ
673 2879 710 2952 μη
736 2877 877 2938 δύνασθαι.

214 2994 225 3022 ⁴
246 3001 266 3027 “
279 2993 431 3051 Gesnerus
449 2989 608 3072 ιῖπέσχετο.
642 2992 730 3050 Idem
747 2992 779 3049 in
792 3012 886 3071 marg.
908 2989 1072 3074 ἀπέσχετο,
1095 2998 1177 3074 quod
1190 2997 1299 3058 dedere

153 3089 244 3148 etiam
266 3089 351 3147 Grot
373 3087 415 3145 H.
430 3087 533 3165 steph.
554 3089 637 3148 Com.
653 3089 706 3146 Gr.
725 3109 756 3167 p.
771 3097 838 3157 372.
859 3091 992 3154 Brund.
1013 3091 1048 3148 P.
1063 3092 1121 3150 Gn
1135 3115 1165 3173 p.
1182 3103 1246 3166 194.
1269 3106 1300 3154 et

152 3205 191 3244 ex
207 3183 296 3243 codd.
313 3182 497 3242 Sohowius.''
540 3184 689 3242 Mutuum.
730 3181 885 3266 ἀπέσχετο
907 3185 1024 3246 Hertel.
1044 3197 1151 3248 notans
1170 3190 1202 3246 in
1223 3211 1301 3248 mar-

153 3280 242 3358 gine:
265 3284 284 3312 “
298 3277 334 3336 al.
358 3273 534 3356 ιῖιιέσχετο.”
576 3279 623 3336 Ita
643 3278 732 3336 etiam
755 3279 822 3338 MS.
835 3279 876 3338 A.
890 3301 927 3339 ex
949 3302 1006 3339 em.
1029 3293 1060 3341 et
1077 3283 1113 3341 B.
1127 3304 1167 3340 m.
1181 3305 1203 3342 e.
1219 3284 1300 3362 apud

152 3373 368 3434 Gaisi'ordium.
408 3370 562 3453 α”πὲοχετο
589 3384 688 3432 verte:
726 3375 858 3434 abstinet.
899 3375 980 3435 Vide
1014 3377 1094 3436 infra
1120 3369 1159 3436 sd
1181 3379 1300 3459 Diphili

155 3471 276 3549 Fragm.
291 3491 320 3528 n.
335 3478 363 3529 Δ..

211 3583 318 3662 ”“ημ.
341 3581 471 3662 διατηρεῖ
486 3579 571 3654 μόνοι
593 3581 688 3638 Asin
709 3602 803 3660 marg.
825 3583 916 3642 etsie
937 3583 973 3641 Β.
991 3606 1032 3644 ιιι.
1048 3607 1107 3646 sec.
1148 3587 1299 3647 Gesnerus

152 3677 281 3755 conjecit
304 3673 528 3756 daarnpodpcvos.
571 3675 695 3736 Grotius
723 3675 806 3735 dedit
832 3676 960 3758 διατηρεῖ
982 3677 1076 3752 μόνον,
1103 3682 1157 3759 qul
1184 3693 1215 3741 et
1241 3683 1300 3743 hoc

152 3775 325 3832 enotaverat
349 3774 433 3851 quasi
456 3793 492 3831 ex
504 3774 542 3830 A.
585 3772 760 3849 Perpetem:
781 3772 876 3831 codex
893 3777 1008 3851 praebet
1028 3775 1124 3848 μόνοι,
1145 3778 1197 3836 tali
1220 3799 1300 3838 corn-

153 3867 257 3946 pendii
278 3869 383 3936 forma,
406 3869 527 3946 qualem
550 3866 641 3925 hebet
663 3865 758 3936 finalis
779 3866 893 3945 syllaba
916 3869 997 3928 vocis
1019 3869 1247 3946 ὁμολογουμένως
1267 3868 1300 3933 in

155 3963 250 4022 Bastii
267 3963 436 4022 comment.
452 3962 513 4020 Pal.
533 3961 608 4020 Tob.
622 3961 664 4021 V.
682 3981 711 4018 n.
726 3963 771 4020 8.”
812 3961 987 4022 Gnrsrono.
1028 3965 1144 4045 Vulgo:
1167 3967 1301 4049 διαθηροί-

152 4083 244 4130 μενοι.
279 4055 456 4138 διατημει’
418 4082 511 4130 μονον,
525 4067 594 4116 ante
605 4057 746 4115 Grotium
746 4057 931 4135 ‚legendnm
944 4061 1062 4119 monuit
1075 4061 1116 4120 H.
1129 4062 1300 4142 Stephanus

152 4153 239 4211 (lom.
253 4154 307 4212 Gr.
323 4154 449 4232 Sent'p.
464 4160 530 4219 374.
552 4152 609 4211 hoo
626 4161 776 4210 notato:‘
776 4159 850 4230 ‘pro
864 4151 1070 4235 διαθηριᾶμενοι,
1091 4158 1174 4235 quod
1196 4172 1300 4239 aperte

153 4229 331 4308 mendosum
358 4259 412 4318 est,
440 4247 603 4325 legendum
621 4268 728 4306 censeo
754 4245 884 4328 διατηρεῖ
905 4247 1002 4368 μόνοις
1031 4261 1122 4330 atque
1142 4255 1217 4314 adeo
1239 4257 1299 4318 lec-

153 4344 267 4403 tionem
289 4344 395 4403 hanc
387 4349 419 4401 in
438 4364 503 4402 mea
520 4342 764 4424 interpretatione
786 4347 922 4421 sequorl'
961 4344 1144 4427 διατημει’
1106 4375 1191 4421 μονον
1210 4352 1301 4411 etiam
