2948 5010
463 408 689 457 VERSIONES
710 407 885 456 LATINAE.

529 657 575 720 11.
592 660 630 721 n.
674 657 729 743 (P.
745 658 812 739 46.)

97 849 188 908 Ain?
210 847 339 907 celatum
359 847 440 924 quod
460 846 542 916 velis,
562 845 595 903 id
615 846 736 924 conjugi

101 945 180 1003 Tuae
199 941 357 1022 propales?
379 941 412 999 id
432 961 512 1011 vero,
533 961 642 1019 quaeso,
663 941 737 1018 quid
757 952 801 1000 est

101 1039 174 1097 Nisi
194 1037 355 1098 indicimm
374 1037 472 1100 facere
490 1033 548 1095 fori
566 1037 775 1114 preconibus?

103 1279 190 1353 Quid
208 1279 272 1338 aie?
293 1277 452 1338 tacendum
473 1275 554 1355 quod
575 1287 671 1354 putas,
692 1296 730 1336 an
750 1261 890 1336 foeminae¹

104 1376 293 1434 Committis?
315 1375 376 1433 imo
396 1373 470 1455 quid
489 1373 571 1432 eliud
591 1394 680 1451 quam
701 1373 726 1431 si
745 1373 777 1432 in
796 1373 861 1431 foro

104 1471 307 1530 Denuntiares
326 1489 399 1532 voce
419 1488 590 1547 praeconum
611 1468 766 1527 omnium?

247 1571 253 1578 '
988 1562 1030 1620 H.
1046 1562 1165 1620 Srnrn.

527 1771 592 1886 ni.
615 1773 647 1888 εξ
692 1822 747 1909 (P.
764 1823 831 1902 47.)

107 2031 226 2095 Afficite
245 2050 335 2108 poena
353 2031 439 2090 hanc.
458 2030 528 2089 inde
547 2030 627 2090 enim
645 2030 744 2087 labem
762 2027 886 2086 trahunt

110 2126 210 2185 Mores
230 2125 398 2196 mulierum,
419 2127 500 2204 quod
520 2125 604 2184 mulis
624 2134 752 2202 parcunt
765 2122 821 2180 viri

111 2221 175 2279 Aut
193 2220 399 2299 proximorum
418 2232 470 2279 aut
489 2221 649 2301 pignorum
661 2207 842 2279 reverentie.

116 2316 293 2395 contagiosa
313 2317 431 2376 sceleris
451 2327 497 2376 est
514 2317 686 2395 impunitas,

111 2411 245 2489 Lateque
265 2411 358 2491 serpit
377 2431 464 2473 omne
484 2432 622 2473 securum
641 2412 740 2470 nefas:

114 2508 160 2565 Ita
179 2506 256 2566 elma
274 2508 370 2566 virtus
390 2509 484 2568 fracta
503 2519 534 2567 et
552 2509 658 2568 afflicta
677 2508 795 2567 oceidit.

527 2886 588 2952 1v.
613 2890 643 2952 1.
687 2889 743 2974 (P.
764 2890 831 2971 47.)

118 3090 218 3149 Unum
238 3089 356 3148 mulieri
376 3090 459 3167 quod
479 3090 567 3150 crede
586 3090 644 3150 hoc
664 3101 718 3161 est,
732 3093 840 3180 ⁸vivere

118 3184 216 3245 Semel
236 3186 289 3245 ubi
309 3185 438 3256 desierit,
459 3205 520 3244 non
539 3187 685 3246 victuram
706 3188 813 3247 denuo.

119 3282 213 3352 Ultra,
235 3303 330 3360 usque
350 3282 388 3341 ad
407 3291 542 3351 mortem,
563 3283 639 3341 nihil
659 3296 703 3343 est
723 3284 805 3361 quod
825 3285 853 3342 ei
873 3285 1015 3344 ereduim.
1103 3323 1106 3328 -

1072 3381 1173 3440 Gror.

538 3653 580 3716 v.
603 3657 634 3717 2.
679 3653 734 3739 (Ρ.
754 3655 821 3736 48.)

123 3856 246 3917 Nullum
269 3877 332 3917 esse
354 3856 476 3935 gravius
496 3853 744 3935 impedimentum
764 3868 870 3936 potest,

122 3953 218 4025 Quam
238 3953 345 4013 mulier
365 3954 434 4013 dote
455 3953 599 4013 sarcinata
619 3974 688 4012 cum
709 3954 837 4014 advenit.

124 4187 272 4252 Oneribus
291 4187 373 4247 haud
391 4198 438 4248 est
456 4189 577 4267 gravius
597 4188 692 4250 ullum
712 4209 749 4250 ex
769 4191 916 4261 omnibus,
1006 4277 1010 4282 ι

124 4282 220 4356 Quam
239 4283 362 4342 foeminr
381 4294 426 4343 ert
445 4285 544 4345 dotem
564 4285 670 4346 marito
690 4306 757 4363 quae
777 4286 854 4346 tulit
917 4295 919 4302 ’

1003 4383 1043 4443 H.
1059 4384 1176 4445 Srrrrrr.
1218 4418 1220 4424 ι
1241 4382 1244 4388 ’

125 4477 341 4566 inminutum]
1049 4487 1160 4551 13-e
