2948 5010
234 292 301 362 226
596 305 825 357 vnnswuns
854 305 1031 356 camum.

234 487 336 561 Quam
357 484 444 545 facile
464 485 576 556 inveni,
597 485 752 566 luppiter,
774 487 857 566 quod
878 488 917 546 sit
940 489 1070 547 bonum:

235 582 299 642 Pax
318 600 437 659 nempe,
457 581 627 660 sospitatrix
650 592 680 641 et
703 582 832 642 clemens
848 581 923 642 Dea.

235 677 365 746 Prolem,
386 686 538 754 cognatos,
562 696 653 750 sacra,
673 677 793 748 amicos,
813 677 944 756 nuptias,

235 775 404 843 Annonam,
426 772 541 844 vinum,
564 772 728 843 sanitatem,
749 773 869 851 gaudia,

236 869 365 929 Divitias
385 888 445 946 pax
465 869 534 928 fert
554 867 611 927 ieta
635 868 659 926 si
681 867 855 937 defecerint,

237 964 329 1024 Nulla
350 983 414 1023 esse
434 961 606 1023 hominibus
628 962 689 1022 vits
710 962 809 1023 vitalis
832 972 938 1041 potest

664 1318 726 1384 lv.
770 1318 826 1406 (P.
842 1319 930 1403 ιιι.)

741 1505 866 1586 Ephebo.

170 1653 179 1672 .
237 1616 319 1688 Non,
340 1625 375 1677 ut
394 1617 523 1690 videtur,
542 1617 575 1676 hi
596 1617 650 1696 qui
669 1618 702 1676 in
722 1617 782 1677 alto
802 1617 946 1696 navigant

238 1711 301 1773 Soli
317 1714 471 1793 jactantur
490 1714 728 1793 tempestatibus,
752 1713 876 1786 Laches,

203 1815 204 1820 ’
237 1807 299 1868 Sed
321 1819 352 1868 et
371 1809 404 1867 hi
424 1809 591 1888 spatiantur
612 1809 664 1887 qui
687 1808 853 1888 porticibus
873 1809 1012 1888 publicis,

237 1905 304 1963 Aut
322 1903 402 1963 intra
424 1914 508 1982 septo
528 1923 560 1963 sc
580 1903 738 1963 domorum
759 1903 921 1963 continent.

189 2059 192 2066 ,
236 1997 283 2058 At
301 1999 346 2058 illi
368 1999 421 2078 qui
441 2019 473 2059 sc
492 1999 593 2078 pelagi
613 1999 741 2068 credunt
763 1998 913 2069 fluctibus,

236 2092 304 2153 Aut
323 2113 385 2154 una
403 2103 491 2154 nocte
513 2103 566 2153 aut
584 2113 646 2153 uno
666 2092 768 2154 vexati
789 2093 839 2153 die

238 2190 370 2250 Salutem
381 2211 462 2264 mox
482 2190 647 2269 reperiunt,
667 2200 720 2248 aut
740 2188 893 2248 navalium

237 2285 320 2345 Tuto
340 2295 473 2364 receptu,
494 2294 547 2343 sut
565 2283 663 2343 ventis
683 2283 894 2363 aspirantibus.

239 2379 317 2439 Mihi
338 2401 409 2440 vero
431 2379 464 2439 id
483 2398 544 2438 non
565 2378 728 2457 contingit3
747 2398 804 2439 nec
825 2378 857 2437 in
879 2398 973 2438 unum
991 2378 1081 2452 diem,

238 2475 299 2534 Sed
320 2475 353 2535 in
375 2475 470 2535 vitam
490 2494 610 2534 omnem
629 2473 750 2535 turbine
770 2474 880 2535 infesto
901 2477 1011 2535 obruor

239 2572 338 2650 Magis
359 2571 515 2651 magisque
534 2570 681 2650 gliscente
702 2571 883 2650 aegrimonia.

700 2924 743 2990 v.
786 2925 844 3012 (P.
859 2927 946 3010 163.)

239 3113 268 3174 0
291 3111 385 3171 Cleon
407 3110 509 3171 desine
531 3127 698 3188 nugarum:
719 3109 778 3168 nisi
801 3110 876 3190 quid
896 3109 1032 3171 addiscas
1051 3112 1132 3183 boni,

239 3208 313 3268 Non
332 3206 426 3277 vides,
446 3215 483 3265 ut
502 3204 584 3264 omni
606 3203 718 3263 auxilio
736 3205 829 3265 vitam
850 3204 992 3266 destituas
1013 3211 1116 3266 tuam?

240 3306 379 3383 Namque
401 3311 437 3361 ut
458 3301 621 3379 naufragus
642 3309 758 3359 natator
777 3310 885 3360 terram
905 3301 964 3359 nisi
982 3301 1177 3380 prehenderit

239 3401 310 3460 Non
333 3399 400 3478 quit
422 3396 547 3476 adipisci
571 3395 714 3455 salutem:
737 3395 781 3455 sic
800 3396 853 3474 qui
874 3417 989 3476 pauper
1006 3398 1103 3458 factus
1122 3410 1179 3473 est,

240 3496 348 3556 Artem
367 3492 426 3552 nisi
447 3491 595 3561 didicerit,
617 3490 712 3549 vitam
728 3491 835 3568 nequit
856 3492 889 3550 in
907 3500 975 3551 tuto
994 3513 1115 3572 ponere.

239 3589 319 3650 Sunt
340 3587 476 3666 pecuniae
498 3585 582 3656 mihi,
605 3583 706 3662 inquis
715 3606 726 3656 3
746 3604 855 3664 nempe
875 3607 943 3664 quas
965 3599 1094 3665 pereunt
1112 3587 1182 3648 cito.

240 3685 285 3743 At
303 3683 410 3742 domus
433 3689 512 3754 sunt,
533 3688 604 3739 sunt
623 3688 654 3739 et
670 3680 753 3758 agri:
773 3680 871 3740 nescis
891 3682 1020 3741 fortunae
1040 3683 1130 3753 vicos,

240 3776 317 3850 Ques
337 3775 479 3855 perfacile
501 3774 626 3834 divitem
644 3773 735 3834 hodie
754 3793 819 3835 cras
839 3776 1011 3836 mendicum
1031 3778 1156 3838 fecerit?

239 3875 387 3934 Nostrum
407 3871 575 3951 quisquam,
596 3870 621 3930 si
640 3871 770 3930 fortuuae
791 3884 913 3950 portum
933 3873 1094 3952 appulerit,
1114 3874 1284 3940 mehorm

239 3967 363 4048 Dejicit,
384 3976 415 4026 ot
437 3966 479 4026 sic
502 3975 585 4027 extra
605 3965 704 4045 pelagi
728 3985 759 4026 se
780 3966 859 4026 locat
881 3967 1062 4028 violentiam.

240 4063 310 4122 Hoc
332 4061 357 4121 si
377 4061 496 4122 eveniat
513 4060 662 4140 imperito,
683 4071 787 4140 raptus
809 4081 869 4140 qua
888 4063 970 4123 venti
988 4065 1101 4135 ferunt,

242 4155 370 4215 Nullum
388 4156 510 4234 reperit,
531 4154 614 4234 quod
636 4166 754 4216 senecta
773 4175 889 4236 pauper
908 4159 1085 4237 prasidium
1103 4173 1242 4242 occupet

242 4251 304 4312 Sed
322 4249 449 4312 tulsules
468 4261 499 4311 et
519 4251 634 4312 sodales
651 4261 682 4310 et
701 4253 820 4330 cognati
843 4255 1004 4315 conferent

1186 4360 1364 4449 [sm.
