2948 5010
608 405 837 454 VERSIONES
860 407 1034 455 LATINAE.

663 637 725 702 vl.
757 641 788 702 3.
833 638 889 724 (P.
904 641 972 720 48.)

255 821 318 892 Vir,
339 823 393 901 qui
411 822 548 882 laborans
568 824 661 883 oeulis
680 824 775 894 multe
793 825 853 884 fert
871 826 958 895 muln,
1035 869 1038 876 ,

254 915 402 994 Magnum
421 918 567 977 malorum
587 919 719 997 repperit
736 920 886 990 solatium,

255 1009 387 1070 Uxorem
405 1012 519 1073 interea
537 1013 680 1090 temporis
700 1015 782 1092 quod
801 1035 861 1074 non
881 1014 974 1075 videt.

254 1228 379 1286 Morbus
399 1228 553 1289 oculorum
574 1250 663 1309 quem
682 1233 794 1310 premit
813 1232 1015 1311 gravissimus,
1040 1297 1043 1303 ,

253 1320 323 1381 Hoc
342 1322 392 1382 ille
411 1324 514 1383 multis
533 1325 564 1384 in
584 1325 669 1385 bonis
688 1326 781 1386 habet
798 1327 879 1398 boni,

254 1415 375 1476 Nullam
394 1419 528 1479 intuetur
547 1421 666 1480 interim
686 1422 769 1500 quod
787 1422 948 1483 foeminam.

1134 1521 1178 1581 Η.
1193 1524 1326 1582 Sum.

691 1717 772 1782 vn.
803 1717 858 1803 (P.
873 1719 942 1800 48.)

687 1873 689 1880 ’
772 1874 878 1952 Maste.

251 2024 290 2083 A.
310 2025 349 2083 In
368 1985 478 2104 Cyprd,
499 2024 548 2084 dic
567 2023 651 2093 mihi,
671 2025 801 2083 multum
820 2007 873 2084 vds
892 2025 935 2084 ais
954 2026 1096 2104 temporis

250 2139 314 2178 ense
333 2124 485 2180 versatos?
528 2120 561 2177 B.
583 2119 736 2191 Quamdiu
755 2119 877 2178 duravit
894 2120 1019 2179 bellum.

251 2215 288 2272 A.
310 2214 449 2286 Quonam
468 2214 535 2274 loco
553 2214 702 2274 maxime?
725 2214 774 2274 dic
792 2233 904 2293 quaeso.
943 2215 978 2274 Β.
998 2215 1114 2294 Paphi:

169 2333 170 2338 ¹
250 2310 303 2369 ubi
323 2330 387 2369 rem
406 2310 509 2369 videre
528 2309 614 2368 licuit
631 2309 707 2368 mire
726 2310 918 2378 luxuriosam,

248 2415 281 2464 et
299 2405 432 2485 alioquin
452 2425 521 2465 eane
540 2404 754 2465 incredibilem.
794 2407 834 2464 A.
851 2405 1001 2476 Qualem?
1041 2405 1337 2505 Bqllesrigernbnnt
1371 2413 1385 2462 5

250 2520 353 2559 aurem
372 2500 528 2569 columbae,
548 2499 683 2579 nihilque
702 2500 793 2570 aliud,

250 2597 378 2656 eoenenti
399 2597 472 2675 regi.
512 2597 550 2655 A.
571 2597 641 2669 Quo
659 2599 768 2674 pacto?
790 2596 929 2655 omittens
948 2597 1029 2655 enim
1047 2616 1128 2656 meus
1147 2617 1196 2655 res

249 2713 287 2753 ex
307 2704 337 2753 te
356 2693 413 2753 hoc
434 2715 545 2772 quaero,
566 2694 735 2772 quomodo?
776 2693 813 2751 B.
836 2694 1013 2771 Ungebatur
1031 2692 1082 2751 ille

249 2810 267 2848 e
287 2789 374 2867 Syria
392 2789 491 2848 adlato
510 2789 562 2847 tali
582 2799 737 2867 unguento

250 2905 285 2944 ex
306 2885 417 2955 fructu,
438 2906 499 2964 quo
517 2886 675 2963 frequente
694 2886 779 2944 aiunt
798 2887 877 2944 veuci

250 2980 411 3040 columbas.
450 2980 515 3038 111ae
534 2981 627 3058 igitur
646 2980 738 3040 odore
757 2990 889 3039 attractae

249 3077 445 3147 advolabant3
465 3077 498 3135 in
517 3097 614 3156 eoque
633 3086 718 3136 erent
736 3087 771 3134 ut
790 3076 953 3134 insiderent

249 3172 358 3253 capiti:
379 3172 431 3232 sed
454 3172 624 3232 adsidentes
646 3173 733 3250 pueri

247 3271 395 3330 arcebant
434 3268 533 3347 Igitur
552 3287 659 3348 pamm
679 3287 711 3328 se
730 3266 914 3338 adtollentes,
938 3276 971 3325 ut
989 3287 1045 3327 nec

248 3365 409 3424 admodum
428 3363 534 3443 procul
553 3363 713 3434 avolarent,
734 3383 790 3423 nec
808 3381 930 3441 prorsus
949 3361 999 3421 hic
1021 3361 1167 3432 adessent,

247 3462 290 3520 eie
309 3459 506 3529 debellabant,
527 3469 562 3518 ut
580 3459 731 3518 modicum
750 3457 794 3516 illi

247 3565 380 3624 ventum,
400 3553 575 3632 neutiquam
594 3554 762 3623 molestum,
783 3560 965 3629 prestarent,

1122 3647 1312 3712 Scuwnmu.
1435 3689 1436 3716 i

678 3868 777 3958 vm.
810 3867 949 3953 (Mo.)

752 4052 870 4134 θυμω.

594 4176 693 4234 Nemo
712 4193 855 4252 uuquam,
874 4174 955 4244 here,

248 4269 398 4332 Moriendi
423 4272 550 4350 cupidus
574 4269 644 4330 vite
666 4268 810 4347 imposuit
828 4268 1004 4328 terminum:

247 4367 309 4430 Sed
330 4366 432 4426 avidos
455 4367 523 4424 vite
545 4365 673 4444 pedibus
697 4365 795 4424 Oreus
816 4363 945 4424 detrahit

1162 4470 1376 4558 [nummum.
