2948 5010
601 383 827 431 VERSIONES
850 383 1028 434 LATINAE.

613 545 617 558 '
708 584 925 650 Mosofflo.
963 615 973 670 ῃ

711 742 739 805 1.
785 740 840 826 (P.
855 740 923 821 92.)
962 805 964 814 ,

247 873 411 933 Permittite
431 894 503 952 ergo
523 884 655 933 mortuos
675 887 753 933 terro
772 876 844 956 tegi

244 969 286 1029 Et
305 968 385 1029 unde
405 979 512 1028 nostrae
533 970 674 1048 quodque
696 972 818 1028 Naturae
838 981 884 1029 est
903 971 1007 1030 datum

245 1063 293 1123 Eo
312 1065 430 1124 reverti.
450 1083 577 1142 magnus
597 1065 690 1124 aether
710 1065 858 1144 spiritum,

246 1161 363 1238 Corpus
382 1159 508 1237 recipiat
526 1169 619 1218 terra:
641 1180 702 1218 non
721 1170 767 1219 est
785 1161 941 1239 proprium
970 1167 972 1172 ’

204 1243 207 1246 ’
246 1255 318 1314 Hoc
338 1255 450 1333 quippe
469 1257 564 1323 nobis,
586 1255 638 1314 sed
658 1256 763 1314 datum
781 1257 813 1314 in
833 1257 904 1314 vitae
923 1256 1021 1316 diem:

245 1349 358 1408 Parens
378 1362 408 1410 et
427 1350 515 1409 ultrix
532 1351 602 1430 jure
622 1371 691 1409 mox
711 1352 820 1430 repetit
839 1373 935 1410 suum.

666 1588 766 1653 11.1.
811 1590 866 1676 (P.
883 1591 950 1672 93.)

739 1727 893 1802 runos!

244 1839 355 1898 Soevire
375 1840 406 1896 in
427 1841 563 1897 umbram
581 1858 674 1896 vanus
694 1850 739 1897 est
758 1838 849 1897 animi
869 1839 962 1897 furor.

652 2077 717 2141 111.
741 2082 771 2142 2.
816 2078 873 2165 (P.
887 2081 955 2161 93.)

244 2222 354 2281 Punire
376 2222 459 2279 vivos
480 2221 523 2278 fas
544 2220 590 2288 sit,
612 2220 760 2280 exanimes
779 2222 870 2280 nefas.

652 2459 714 2524 Ν.
736 2464 768 2525 3.
814 2460 953 2544 (Ros.)

241 2601 387 2674 Quanam
407 2599 544 2676 voluptas
563 2609 695 2657 mortuos
715 2599 861 2658 incessere

241 2696 417 2770 Mutamque
436 2693 554 2770 glebam
575 2713 647 2752 voce
666 2694 809 2770 probroso
826 2692 963 2771 insequi?

240 2790 380 2868 Namque
399 2789 449 2848 ille
469 2789 562 2848 tristis
581 2800 670 2866 utque
687 2788 815 2867 jucundi
835 2789 962 2866 arbiter*

240 2887 317 2945 Cum
337 2903 437 2942 sensus
456 2882 605 2942 hominem
626 2883 802 2942 destitutum
820 2883 951 2962 liquerit,

239 2979 382 3041 Exanime
402 2990 494 3038 restat
512 2999 629 3058 corpus,
651 2989 685 3038 ut
705 2978 813 3038 surdus
832 2979 916 3058 lepis.

641 3393 965 3464 NIOOSTRATUS.

725 3549 779 3635 (P.
796 3551 864 3632 95.)

237 3693 270 3752 si
290 3691 384 3752 multa
402 3690 602 3750 indesinenter
622 3697 653 3747 et
672 3708 799 3767 propere
818 3689 918 3768 eloqui

236 3786 396 3866 Sapientiae
417 3795 494 3844 esset
513 3784 641 3861 signum,
662 3793 742 3842 certe
761 3781 935 3842 hirundines

236 3880 436 3960 Sapientiores
455 3877 626 3937 hominibus
646 3876 741 3935 multo
761 3877 867 3936 forent.

234 4057 265 4130 si
284 4070 435 4129 funditore
456 4051 548 4129 verbs
567 4067 662 4127 mults
677 4067 792 4146 jugiter

234 4165 274 4224 Et
293 4165 427 4225 celeriter
448 4165 566 4242 signum
585 4173 673 4242 putus
692 4162 871 4242 prudentie,

235 4257 445 4318 Prudentiores
465 4257 584 4316 homine
605 4266 675 4317 sunt
693 4256 878 4316 hirundines.

1110 4355 1150 4412 Η.
1165 4354 1288 4415 suern.

966 4454 1372 4542 [uoscnro-sroosrnsrr-s.
