3060 5030
234 377 278 441 11
395 394 653 445 courcoauu
685 395 925 444 orncoeuu
959 391 1231 442 strennuus

672 662 926 738 GRATESR

328 859 370 932 ‘O
393 861 605 959 γάρχρόνος
629 861 661 942 μ’
687 860 832 956 ἔκαμψε,
858 861 984 935 τέκτων
1009 861 1064 934 ον’
1087 863 1202 960 σοφάς,

329 975 465 1048 ἅπαντα
488 972 513 1046 d'
539 976 759 1076 ἐργαζόμενος
785 977 1035 1075 α’σθενέστεραῖ

328 1089 492 1172 duellione
516 1129 571 1178 μοι
596 1101 703 1192 γῆρας
727 1096 766 1172 ὠς
789 1097 888 1169 κακόν
912 1094 1017 1189 μέγα,

328 1205 370 1302 954
393 1210 437 1295 μνί
460 1212 609 1309 τυχόντι,
636 1211 779 1290 θάνατός
804 1212 875 1286 ἔσθ
902 1213 922 1298 ἦ
947 1211 1055 1311 ζημία,

328 1323 365 1398 οὗ
388 1328 509 1403 πάντες
533 1330 760 1412 ἐπιθυμοῦμεν·
786 1328 825 1401 ἂν
849 1325 874 1400 d'
901 1326 983 1433 ἔλθῃ
1009 1327 1107 1413 τοτὲ,
1346 1346 1363 1397 5

224 1463 226 1470 “
326 1444 503 1531 ανιιάμεθί·
531 1447 633 1520 οὕτως
656 1446 756 1530 ἐσμὲν
780 1446 962 1544 ἀχάριστοι
988 1444 1114 1545 φάσοιί.

326 1569 388 1636 τοῦ
413 1562 471 1662 ζῆν
495 1564 565 1662 γάρ
592 1560 691 1638 ονίίείι
716 1565 756 1638 ὥς
781 1565 799 1636 ὁ
825 1563 1000 1661 γηράσκων
1024 1565 1093 1661 ἐρᾷ.

306 1775 314 1804 ¹
336 1775 412 1835 Haec
434 1777 543 1846 omnia,
567 1796 649 1835 more
673 1796 736 1847 suo,
760 1778 946 1837 coacervavit
972 1776 1135 1847 Hertelius,
1161 1779 1245 1856 quasi
1268 1797 1362 1838 unum

226 1868 354 1929 Cratetis
379 1871 596 1948 Fragmentum
625 1872 780 1931 efficerent.
830 1872 975 1932 Bifariam
1005 1871 1175 1951 dispertivit
1206 1873 1361 1944 Morelius,

226 1966 268 2025 ita
290 1978 325 2026 ut
349 1968 388 2027 ab
415 1964 551 2025 άνειδίσαι
577 1993 624 2041 μοι
650 1968 796 2047 inciperet
818 1967 965 2047 particula
987 1969 1140 2047 posterior.
1180 1969 1361 2040 Hertelium‚

226 2081 338 2122 coecum
359 2062 475 2132 ducem,
495 2063 660 2144 interjectis
681 2063 769 2122 etiam
794 2062 912 2123 duobus
935 2064 1054 2143 Diphili
1076 2064 1222 2134 versibus,
1242 2077 1363 2126 secutus

224 2167 271 2216 est
297 2157 556 2218 cumberlendius.
597 2158 678 2218 Vide
702 2179 731 2218 n.
756 2168 782 2220 3.
825 2158 939 2220 Versus
966 2160 1080 2239 priores
1106 2159 1167 2220 duo
1193 2171 1263 2220 sunt
1288 2161 1361 2221 Cre·

223 2254 293 2314 tetis
316 2253 399 2334 apud
421 2253 505 2314 stob.
529 2254 566 2313 Τ.
593 2254 657 2315 116.
681 2263 729 2315 31.
757 2256 870 2334 absque
894 2257 1004 2316 fabulae
1030 2257 1188 2316 mentione.
1230 2259 1360 2329 Tertius,

224 2370 293 2409 cum
309 2352 406 2411 tribus
424 2351 628 2432 sequentibus,
647 2371 684 2411 ex
706 2351 889 2431 Antiphane,
907 2351 1036 2412 Cratetis
1054 2353 1166 2424 sabula,
1184 2354 1361 2434 desumptus

223 2452 278 2513 est,
305 2443 330 2502 si
356 2465 417 2522 qua
443 2444 516 2504 fides
544 2444 628 2505 Stob.
656 2445 692 2504 T.
718 2454 782 2507 115.
809 2456 838 2517 9.
862 2447 914 2507 ubi
941 2447 1050 2507 lemma
1075 2459 1120 2509 est
1146 2446 1302 2529 Κράτητος
1327 2447 1363 2530 ἐξ

220 2525 414 2616 Ἀντιφάνοίιτ.
455 2539 539 2611 Quos
559 2551 659 2601 tamen
680 2561 784 2601 versus
805 2562 865 2602 non
886 2543 1009 2613 Crateti,
1034 2543 1087 2604 sed
1106 2543 1283 2623 Antiphani,
1306 2544 1360 2603 tri-

222 2633 290 2692 buit
317 2633 448 2714 Scaliger
470 2636 510 2695 ad
533 2636 620 2696 Varr.
638 2635 695 2697 VI.
718 2658 748 2716 p.
766 2645 813 2698 82.
835 2646 883 2698 25.
907 2649 938 2698 et
960 2650 1050 2709 recte,
1073 2651 1107 2700 ut
1127 2641 1241 2719 opinor.
1282 2640 1359 2700 Vide

219 2727 251 2788 n.
266 2727 295 2789 6.
334 2729 483 2791 Ultimum
503 2752 541 2792 ex
565 2733 721 2812 Sophoclis
742 2734 860 2795 Acrisio
883 2735 929 2815 (p.
944 2743 991 2796 32.
1005 2736 1161 2816 Dindorf.)
1181 2737 1253 2798 citet
1274 2735 1358 2796 Stob.

222 2824 258 2883 T.
277 2835 342 2898 119.
360 2835 390 2895 7.
413 2837 445 2888 et
470 2848 507 2888 ex
532 2829 688 2908 Sophocle,
715 2829 780 2889 sine
801 2830 912 2891 fabulae
937 2831 1067 2900 nomine,
1092 2832 1128 2891 Τ.
1149 2830 1214 2893 116.
1233 2841 1280 2905 39.
1305 2836 1357 2914 qui

219 2930 319 2981 temen
345 2942 415 2982 eum
442 2924 553 2984 Crateti
579 2923 687 2984 tribuit
712 2924 748 2983 T.
769 2932 834 2985 115.
852 2933 880 2995 9.
903 2925 936 2984 id
959 2926 1041 3004 quod
1067 2937 1097 2986 et
1122 2928 1195 2987 fecit
1221 2928 1262 2986 H.
1291 2928 1357 2990 Ste-

220 3015 338 3095 phanus
369 3019 452 3078 Com.
480 3019 532 3078 Gr.
564 3019 646 3078 Sent.
677 3039 706 3098 p.
738 3027 806 3079 421.
849 3019 1035 3098 Hujusmodi
1068 3022 1358 3100 coagmentationum

221 3113 462 3175 Hertelianarum
487 3116 649 3196 particulas
678 3115 888 3187 Arabicorum,
919 3137 995 3196 quos
1021 3130 1138 3189 vocant,
1165 3139 1358 3180 numerorum

218 3229 277 3288 ope
296 3209 450 3270 distinctas
470 3211 595 3291 posthoc
615 3214 804 3272 enumerabo.

296 3321 307 3352 ¹
326 3321 375 3394 μὲν
384 3322 520 3394 Vossius,
529 3335 560 3384 et
566 3324 720 3384 Gesnerua
728 3323 761 3382 in
770 3325 905 3404 margine
916 3323 1038 3396 Stoboi,
1047 3337 1168 3387 notante
1176 3327 1356 3388 Gaiefordio.

295 3433 307 3464 ⁸
327 3433 409 3506 Huc,
431 3446 464 3495 ut
485 3433 613 3505 videtur,
634 3435 710 3494 duos
730 3435 847 3516 Diphili
864 3456 979 3509 versus,
999 3459 1037 3498 ex
1059 3439 1153 3499 Puteo
1171 3438 1282 3512 fabule,
1303 3441 1356 3520 qui

216 3527 332 3607 priores
358 3527 434 3588 duos
460 3529 587 3590 Cratetis
611 3529 695 3608 opud
723 3529 877 3592 Stobreum
907 3533 1044 3612 protinus
1071 3534 1234 3614 excipiunt.
1267 3537 1357 3596 traxit

217 3623 475 3684 cumberlandius.
517 3625 594 3684 Sunt
621 3635 721 3684 autem
743 3625 790 3685 hi:
820 3625 918 3686 τολιάι
945 3626 1071 3704 (σκολιάς
1098 3628 1197 3708 Grot.)
1224 3633 1360 3715 repetem·

215 3716 295 3777 ἐστίν
312 3717 331 3778 o'
347 3715 460 3802 χρόνον,
479 3715 501 3778 si
521 3717 590 3799 ξένε.
609 3718 616 3800 Ι
635 3724 729 3803 χαίρει
746 3720 960 3794 μετατλάσσινν
978 3722 1087 3782 sederas
1103 3721 1149 3783 εἰιί
1167 3723 1208 3782 τά
1228 3730 1354 3806 χείρονα.

216 3811 317 3886 Quem
332 3813 433 3876 locum
446 3815 477 3874 in
492 3833 556 3876 rem
573 3835 658 3876 suem
671 3817 793 3876 vertisse
806 3816 925 3877 videtur
942 3817 1154 3898 (quisqoiafait
1169 3819 1218 3879 ille
1228 3819 1354 3900 άοοτννι)

216 3908 331 3968 Auctor
351 3909 572 3990 Sapphicorum
588 3931 729 3972 versuum
749 3909 908 3984 elr'Po'pm
926 3912 1009 3992 apud
1028 3911 1113 3974 Stob.
1128 3913 1164 3972 T.
1177 3922 1205 3981 7.
1221 3922 1266 3974 15.
1287 3915 1355 3976 Me·

215 4002 339 4076 linnoni,
361 4007 410 4067 vel
427 4007 551 4068 llrlnnoe
566 4007 693 4077 Lesbire,
714 4007 941 4068 atnibutorum:
962 4005 1058 4068 πάντα
1075 4007 1105 4070 δὲ
1121 4008 1258 4087 σφάλλειν
1273 4009 1291 4070 ά
1305 4009 1354 4084 μί-

216 4125 315 4174 yeme
327 4101 400 4174 αίάν,
414 4101 420 4184 Ι
435 4103 479 4162 καί
494 4101 708 4178 μετατλάοσινν
719 4103 785 4178 βίον
796 4101 898 4161 ἄλλοτ’
906 4101 1007 4178 ἄλλαι,
1020 4131 1045 4165 ιι.
1053 4133 1081 4164 τ.
1090 4119 1116 4165 λ.
1146 4105 1354 4168 conferendu!

214 4205 314 4256 autem
328 4215 397 4256 oum
410 4199 528 4280 Diphili
540 4199 676 4259 versibus
688 4210 734 4259 ert
747 4197 905 4259 Menandri
917 4197 1001 4258 locus
1012 4198 1094 4279 apud
1107 4199 1199 4260 Auct
1213 4201 1352 4281 Compar.

217 4289 357 4351 Menand·
370 4302 402 4352 et
415 4293 494 4357 Phil.
509 4316 540 4374 p.
554 4302 620 4362 357.
642 4289 664 4353 si
676 4295 764 4374 χῆραι
779 4291 885 4376 ἐχθράν
897 4293 1036 4366 σωμάτων
1047 4294 1229 4375 ἀνθρωπίνων,
1244 4293 1352 4376 'droe-

215 4411 254 4444 τιι
270 4387 359 4446 τιμάν
370 4385 412 4444 τά
425 4389 499 4446 καλά
511 4389 568 4464 (ita
581 4387 712 4449 Meinelr.
727 4387 819 4466 vulgo
835 4387 920 4450 deest
935 4388 1092 4468 articulus)
1107 4390 1157 4458 τῆν
1174 4387 1352 4470 ιιίμορφίαι,Ι
