3060 5030
468 381 1006 434 canens-rnnancnnrns
1263 367 1306 430 15

165 567 210 624 noi
230 563 459 648 μεταχαράσσον
477 563 529 634 τήν
546 563 595 640 μὲν
614 563 725 644 ἀνδρίαν
744 565 834 638 μελῶν
855 561 861 642 Ι
881 567 915 621 εἷς
934 560 1086 641 τᾰπρεπὲς,
1103 562 1157 642 (ita
1174 563 1307 622 Meinek.

162 681 222 740 pro
243 663 364 740 vulgato
384 658 521 741 ἀπρεπὲς)
543 657 581 716 πθ
598 657 630 716 δὲ
650 657 743 739 τάχος
764 664 799 716 εἷς
819 658 900 716 ὄκνον
919 656 1012 716 πολύν.

243 791 255 820 ⁴
274 786 307 846 οὗ
324 789 440 848 mavult
460 787 621 846 Gesnerus.
661 783 694 845 οὗ
712 787 803 848 etiam
823 786 970 846 Morelins
990 796 1021 845 et
1041 786 1207 848 Hertelius.

245 919 257 948 ⁶
274 916 402 995 Antiph.
416 915 498 995 apud
511 915 595 975 Stob.
610 915 646 975 T.
662 913 727 974 116.
740 923 788 975 23.
815 912 839 974 α’
851 915 948 996 γῆρας,
962 911 996 971 οἷς
1009 911 1116 971 ἅπασιν
1128 913 1311 994 ἀνθρώποισιν

163 1011 195 1072 -εἶ
205 1011 210 1092 Ι
226 1011 359 1080 ποθεινὸν,
381 1011 414 1070 οἷς
432 1009 566 1086 εὔδαιμον·
589 1007 635 1068 εἶθ’
653 1008 726 1067 ὅταν
744 1012 844 1092 παρῇς,
867 1009 871 1090 Ι
892 1006 1031 1089 α’χθηρθν,
1053 1008 1086 1068 sis
1104 1009 1260 1092 μοχθηρόν·
1283 1003 1312 1069 si

167 1106 241 1182 λέγει
259 1108 343 1167 πέσε
362 1105 366 1187 Ι
385 1106 478 1166 οὐδείς·
501 1108 587 1165 κακῶς
606 1105 636 1166 δὲ
652 1105 707 1164 πᾶς
725 1131 776 1178 τις,
795 1104 825 1164 ὃς
843 1105 938 1184 σοφῶς
955 1102 1037 1178 λέγει.
1054 1105 1109 1165 ubi
1126 1106 1196 1166 vide
1213 1125 1311 1165 annon

165 1225 274 1263 verum
286 1204 378 1263 fuerit
392 1202 422 1262 ὃς
436 1204 535 1282 σαφῶς
548 1200 632 1276 λέγει.
662 1203 834 1281 Angisnlto
847 1203 952 1282 speaks
965 1201 1112 1260 iisnind.
1142 1203 1189 1262 Cf.
1203 1201 1311 1282 Eurip.

169 1298 289 1378 Dictyis
310 1299 432 1376 Fragm.
445 1298 502 1357 IV.
524 1318 554 1375 p.
568 1305 616 1367 90.
636 1296 777 1356 Dindorf.
818 1296 958 1357 Comicus
976 1297 1109 1355 incertus
1126 1298 1208 1376 apud
1227 1297 1310 1357 Stob.

169 1395 205 1452 Τ.
223 1395 286 1455 116.
300 1395 328 1455 6.
368 1392 499 1476 ιθγῆρας,
514 1395 575 1450 οἵαν
588 1391 672 1452 ἐλπίδ’
685 1393 784 1462 η’δονῆς
797 1391 880 1474 ἔχεις,
897 1391 901 1472 Ι
916 1393 960 1450 nai
976 1393 1030 1450 πᾶς
1044 1418 1085 1451 τις
1100 1399 1135 1451 εἷς
1150 1391 1184 1451 σε’
1195 1393 1312 1469 βούλετ’

167 1488 317 1572 ἀνθραῖπων
335 1497 438 1563 μολεῖν·
461 1487 466 1570 Ι
484 1487 582 1563 natan
604 1486 633 1547 δὲ
653 1495 759 1568 πεῖραν,
781 1486 966 1561 μεταμέλειαν
987 1485 1135 1561 λαμβάνει,
1157 1490 1162 1570 Ι
1183 1488 1216 1548 εἷς
1238 1473 1313 1550 οὐδέν

162 1585 230 1644 ἐστι
258 1594 357 1668 χεῖρον
381 1585 409 1644 ἒν
435 1585 526 1664 θνητῷ
551 1581 628 1657 γε’νει.
669 1585 855 1643 Menecrates
877 1583 972 1643 Anth.
994 1584 1047 1642 Gr.
1062 1582 1086 1641 Ῑ.
1108 1605 1138 1662 p.
1153 1593 1199 1645 33.
1222 1585 1313 1644 Brod.

170 1686 258 1764 Ιγῆρας
280 1682 351 1742 ε’παῖν
373 1681 421 1756 μὲν
444 1682 514 1765 οἶπῇ,
539 1683 593 1741 πᾶς
618 1679 744 1761 εὔχεται·
769 1679 800 1751 ἣν
822 1679 851 1740 δι’
870 1679 937 1740 ποτ’
957 1678 1033 1761 ἔλθῃ,
1052 1678 1058 1760 Ι
1075 1678 1226 1761 μέμφεται.
1250 1679 1313 1742 ’ἔστι

167 1779 192 1836 δ’
212 1777 255 1836 aiei
276 1785 407 1859 κρεῖσσον
426 1776 615 1854 ὀφειλόμενον.
656 1775 703 1834 Cf.
724 1787 754 1835 et
775 1776 883 1855 Eurip.
905 1776 971 1834 Alc.
992 1775 1058 1836 685.

249 1907 261 1938 ⁸
281 1909 388 1968 “Sunt
405 1908 462 1967 elia
478 1906 560 1986 apud
579 1905 755 1968 Ciceronem
773 1926 894 1986 quoque
911 1914 1068 1985 poetarum
1084 1907 1229 1986 exempla,
1244 1928 1313 1986 quse

168 2024 269 2073 nemo,
287 2023 326 2062 ne
343 2004 392 2062 isti
411 2001 534 2081 quidem
551 2000 716 2072 Tulliastri,
735 2001 878 2079 suspicati
896 2009 966 2060 sunt
983 2010 1080 2080 poetae
1097 2002 1234 2080 alicujus,
1252 2023 1313 2062 non

172 2101 335 2169 Ciceronis,
354 2120 434 2170 esse;
456 2110 491 2158 ut
508 2099 539 2156 in
558 2100 670 2157 Catone
689 2098 820 2175 Majore:
844 2095 937 2163 Qnam
956 2107 988 2156 nt
1005 2097 1207 2177 adipiscantur
1220 2119 1314 2158 manes

171 2204 282 2277 optant,
305 2197 421 2254 eandem
441 2193 506 2254 item
523 2193 629 2274 Adepti
650 2200 810 2252 accusant:
839 2201 922 2252 tanta
945 2201 987 2250 est
1008 2193 1211 2266 inconstantia,
1232 2194 1313 2254 Stat

168 2291 248 2350 tities
271 2299 298 2348 et
318 2288 693 2369 peronatus—Quisquis
713 2287 793 2346 enim
813 2287 872 2347 fuit
891 2288 942 2348 ille
962 2288 1103 2359 comicus,
1127 2290 1253 2366 (vereor,
1274 2310 1313 2349 ne

173 2387 324 2470 Caecilius)
338 2387 429 2446 vertit
446 2407 482 2445 er
502 2385 675 2464 Antiphane
691 2385 759 2455 illa,·
781 2384 833 2462 qui
851 2384 895 2444 ita
912 2385 950 2443 de
969 2395 1120 2444 senectute
1139 2385 1312 2466 scripserat:

170 2483 219 2543 Oi
239 2482 344 2541 πάντες
364 2483 552 2556 ἐπιθυμοῦμεν,
574 2478 608 2538 cin
625 2479 646 2538 δ’
662 2477 728 2560 ἔλθῃ
749 2479 833 2549 ποτὲ,
850 2479 996 2554 Ἀνιιθμεθ.
1023 2479 1113 2552 Ιοθτεος
1135 2478 1217 2554 ε’σμέν
1235 2480 1314 2562 α’χά-

172 2569 268 2662 ’ριστοι
292 2577 400 2657 φύσει.”
441 2578 569 2637 Sonnro.
608 2576 689 2637 Vide
707 2597 737 2634 n.
753 2587 778 2636 1.
818 2576 917 2636 Locus
938 2577 1091 2638 Ciceronis
1111 2589 1156 2637 est
1176 2599 1201 2637 c.
1216 2587 1242 2638 2.
1260 2579 1314 2637 nbi

173 2675 290 2734 Comici
308 2675 409 2734 Latini
429 2693 533 2733 versus
553 2672 651 2731 adhuc
671 2672 704 2730 in
722 2681 808 2730 textu
826 2672 936 2731 latent:
959 2672 996 2731 de
1015 2693 1075 2750 quo
1094 2674 1190 2733 obiter
1209 2685 1314 2733 notan-

174 2772 248 2830 dum
263 2780 316 2841 est,
334 2791 391 2850 pro
409 2768 613 2838 inconstantia,
629 2768 782 2837 Stultities,
801 2778 892 2846 prout
910 2769 1038 2829 correxit
1057 2770 1198 2848 Scaliger,
1216 2770 1314 2831 incoa-

174 2867 285 2926 stantia
299 2867 431 2926 stnttitioe
445 2867 555 2925 habere
568 2865 637 2924 edd.
651 2866 750 2924 Craev.
764 2876 795 2924 et
808 2865 927 2924 Ernest.
967 2865 1050 2925 Vero
1063 2867 1188 2946 propius
1202 2869 1316 2928 accedit

176 2965 223 3024 ed.
237 2961 356 3043 Gryph.
371 2963 484 3044 (Lugd.
501 2960 598 3042 1546.)
612 2962 732 3041 optimae
745 2971 833 3031 notae,
851 2961 884 3021 in
898 2983 958 3043 qna
975 2961 1177 3034 inconstantia,
1191 2965 1315 3025 stultitia

173 3060 355 3138 impressum
368 3068 422 3119 est.
455 3058 532 3130 Quae
545 3057 638 3116 editio
649 3067 715 3117 tum
729 3057 911 3128 Ernestium,
922 3068 987 3116 tum
1000 3058 1128 3118 editores
1139 3060 1319 3140 Bipontinos¹

175 3157 265 3236 fugit.
303 3151 306 3168 ¹

632 3332 832 3342 *-

521 3522 972 3596 PHERECRATES.

733 3708 761 3773 Ι.

272 3894 317 3972 Ὦ
341 3902 459 3992 γῆρας,
484 3896 522 3973 ὠς
546 3894 709 3993 ἐπαχθὲςι
735 3895 950 3993 ἀνθρώποισιν
976 3905 1016 3985 si,

280 4015 333 4087 nai
356 4012 513 4110 πανταχῆ
534 4012 690 4110 λυπηρθν,
717 4013 752 4085 οὐ
776 4015 845 4084 καθ’
871 4009 906 4084 ἓν
930 4013 1050 4104 μθνονθ·

279 4133 314 4207 ἐν
339 4127 365 4224 ᾧ
388 4128 459 4230 ’γθρ
485 4125 574 4202 viiiv
597 4125 751 4216 δυνάμεθ’,
779 4126 841 4202 οὗθ’
869 4132 1034 4229 ἷσχθομεν,

280 4247 321 4322 σθ
347 4246 509 4334 τηνικαῦθ’
531 4245 612 4330 ἡμᾶς
639 4242 853 4345 προδιδάσκειν
878 4243 912 4318 εὖ
938 4253 1100 4347 φρονεῖν3.

281 4370 347 4450 εἰκῆ
366 4365 405 4447 ’μ’
430 4365 565 4459 ἐπῆρας,
590 4357 672 4434 ini-a
697 4365 918 4450 τηλικουτονὶ,
