2990 5010
592 343 835 399 nnnnnnen.
1228 337 1295 402 len

151 536 215 582 λαις
240 523 270 583 δὲ
291 525 385 605 θρίπες
413 527 456 583 καί
481 525 624 608 τερηδόνες
655 535 784 606 συμφυεῖς
806 534 857 587 είσι
883 529 975 602 λῦμαι,
996 527 1027 586 δι’
1056 527 1100 600 alu,
1127 527 1176 587 κάν
1201 528 1295 588 πάσας

148 618 256 698 ἔξωθεν
272 619 425 699 διαφίγινσι
443 621 571 698 βλάβας,
587 623 632 682 ν’π’
647 622 739 684 αιίτιίν
756 624 919 706 φθείρονται
938 625 994 682 ταῖν
1012 623 1222 699 συγγενομένων·
1243 626 1296 684 τάν

151 715 244 774 αὖτιῖν
265 717 376 798 τρόπον
402 721 446 777 καί
471 724 529 778 τοῖν
552 723 700 780 πολιτειιῖν
726 721 802 780 κατά
825 720 908 800 φάσιν
932 719 1040 803 ἑκάστη
1064 721 1109 778 καί
1134 720 1297 802 παρέπεταί

152 839 198 870 τις
219 818 309 872 κακία.
349 816 495 876 Gnorms
514 828 576 877 not.
597 821 682 878 use.”
723 819 896 878 Gmeronn.

213 935 225 964 ⁸
245 935 323 995 “Ita
343 938 425 998 Stob.
446 939 528 1017 quod
548 959 602 999 cur
620 961 639 998 ιι
659 939 774 1000 Clerleo
792 951 824 999 et
843 939 979 1001 Bentleio
997 941 1030 1000 in
1045 943 1132 1011 σιῐπες
1146 950 1295 1003 mutatum

153 1028 195 1089 eit
214 1049 275 1090 non
294 1031 457 1111 intelligo.”
498 1035 645 1094 Mnrnnn.

213 1151 224 1180 ⁴
244 1151 415 1230 Legebatur
432 1154 451 1225 ιῐ
469 1153 499 1214 δὲ
518 1155 603 1234 Opill.
642 1155 779 1216 Correxit
795 1155 946 1216 Porsonus
960 1155 1088 1215 Advers.
1101 1177 1132 1236 p.
1146 1165 1213 1226 2⁸9·
1234 1157 1294 1216 ool·

152 1246 214 1305 lato
228 1245 389 1308 Plutarcho
404 1250 440 1309 Τ.
454 1250 497 1308 Il.
510 1271 540 1330 p.
555 1259 603 1322 49.
618 1250 652 1309 Β.
676 1251 730 1310 ubi
749 1254 777 1308 οἱ
797 1251 901 1332 θρῖπες,
929 1261 960 1310 et
985 1250 1184 1330 Theophrast.
1202 1252 1244 1310 H.
1261 1253 1293 1311 P.

152 1344 192 1402 V.
208 1352 235 1404 5.
269 1344 392 1403 Porsoni
406 1346 607 1424 conjecturam
619 1345 796 1418 confirmant
808 1357 868 1406 tree
881 1346 971 1406 MSS.
985 1347 1067 1426 apud
1081 1347 1294 1407 Gaisfordium.

152 1441 288 1511 Grotius,
310 1443 456 1520 probante
475 1439 682 1503 Valckenaerio
693 1443 733 1502 ed
742 1444 883 1502 Ammon.
898 1443 941 1502 11.
957 1451 983 1504 5.
997 1465 1027 1522 p.
1044 1452 1108 1527 104.
1135 1443 1154 1514 η’
1177 1443 1207 1502 δὲ
1219 1445 1293 1525 opit

150 1534 247 1616 ξύλου,
259 1556 315 1596 neo
327 1536 434 1596 melino
450 1537 563 1616 (inquit
575 1537 760 1618 Meinekius)
778 1537 876 1598 Bentl.
896 1537 916 1609 ιη’
935 1536 1010 1618 θρίψ
1030 1537 1069 1596 τὰ
1084 1537 1177 1619 ξύλον.
1218 1540 1294 1599 Por·

151 1652 260 1691 sonum
290 1632 426 1711 sequitur
460 1634 640 1706 Meinekiue,
673 1635 728 1713 qui
755 1645 786 1694 et
814 1633 927 1694 moxi
955 1633 985 1694 δὲ
1011 1633 1051 1692 τὰ
1073 1633 1208 1696 κάκιστον
1235 1640 1294 1695 τῶν

152 1731 242 1786 κακιίν
261 1729 383 1801 πάντων,
404 1727 505 1806 φθόνος
522 1729 626 1789 edidit.
666 1728 809 1789 ceterum
834 1727 869 1790 σέ
895 1727 925 1788 δὲ
949 1727 988 1788 τά
1013 1711 1148 1789 κάκιστον
1172 1731 1294 1810 conjicit

152 1825 319 1910 liobraeue3
339 1843 448 1903 nempe
471 1835 506 1883 ut
531 1824 713 1884 constructio
739 1824 778 1885 sit
803 1829 938 1894 πεποίηκε
965 1823 1000 1884 σὲ
1024 1811 1161 1902 φθίσικόν.
1200 1826 1294 1899 Quod

153 1941 258 1980 verum
277 1921 407 1980 videtur.

210 2047 222 2076 ‘
242 2047 429 2124 “compares
442 2045 532 2104 Auct.
545 2044 603 2103 inc.
617 2065 664 2122 ap.
680 2043 763 2103 Suid.
778 2044 837 2103 111.
850 2065 880 2122 p.
894 2043 962 2111 617.
986 2041 1097 2122 φθόνος,
1113 2043 1220 2119 νόσημα
1231 2048 1292 2121 ψυ-

151 2145 206 2223 χῆς
228 2139 399 2221 α’νθριυπικδυ
415 2140 497 2217 (fort.
518 2137 697 2220 ἀνθρωπίνης)
716 2138 760 2196 καί
776 2138 869 2198 ἐσθίον
889 2139 971 2216 (fort.
993 2139 1156 2217 κατεσθίου)
1179 2140 1291 2221 ψυχάν,

149 2237 182 2308 ἢν
200 2235 234 2294 ἂν
253 2234 426 2311 καταλάβοι,
444 2235 540 2316 ὥσπερ
556 2232 596 2293 lde
613 2233 665 2292 τδν
678 2233 799 2315 σίδηρον.
839 2235 888 2294 Ite
899 2231 1094 2294 Antisthenes
1106 2234 1188 2312 opud
1201 2234 1291 2314 Diog.

152 2334 251 2393 Laert.
264 2333 321 2394 VI.
335 2341 362 2393 5.
387 2331 485 2413 ιίσπερ
502 2330 558 2390 iord
575 2332 628 2389 τοῦ
640 2331 683 2390 lori
697 2330 750 2389 τδν
762 2329 885 2411 σίδηρον,
897 2329 987 2408 οὕτως
1005 2327 1085 2404 ἔλεγε
1104 2329 1170 2388 τοῖς
1187 2332 1290 2408 φθονε-

149 2430 214 2512 ροιῖς
233 2428 289 2488 ind
305 2429 360 2491 τοῦ
381 2428 447 2488 ἰδίου
470 2428 549 2500 ἤθους
567 2428 795 2488 κατεσθίεσθαι.”
836 2427 989 2486 Mummi.

209 2555 222 2584 ⁸
241 2563 310 2613 ποεῖ
321 2554 389 2613 MS.
403 2546 488 2612 Voee.
503 2562 533 2611 et
547 2551 659 2625 Stobgei
672 2550 720 2610 ed.
734 2549 873 2610 Trincev.
886 2559 1008 2609 notante
1021 2549 1199 2609 Gaisfordio.
1212 2549 1291 2610 Vide

151 2671 242 2730 supra
260 2649 300 2709 ad
317 2647 445 2706 Diodori
466 2647 586 2725 Fragm.
598 2648 622 2704 I.
636 2665 667 2704 n.
683 2654 709 2705 1.

206 2771 219 2805 ⁷
238 2770 353 2848 Vulgo:
374 2767 519 2844 δυσσεβεῖς
542 2764 748 2848 παραστάσεις.
781 2766 824 2826 Et
841 2766 884 2826 sic
897 2766 1076 2827 Meineklus.
1111 2775 1132 2806 “
1141 2766 1288 2843 δυσσεβεῖς

148 2863 354 2946 παραστάσεις,
369 2863 496 2945 improbo
508 2861 597 2950 opimi
610 2861 737 2922 oonsilio.
777 2862 824 2921 Ite
838 2861 928 2921 Diod.
943 2861 1000 2921 Sic.
1014 2863 1089 2922 Exc.
1104 2861 1179 2941 Leg.
1194 2862 1230 2923 T.
1246 2864 1289 2922 ΙΙ.

148 2984 179 3042 p.
191 2962 258 3033 629.
285 2959 330 3020 καί
354 2958 540 3041 παράστασις
564 2960 662 3038 ψυχῆς
685 2956 755 3037 πράς
774 2955 930 3038 ἐλευθερίαν
949 2955 1062 3016 ε’νέπεσε
1079 2965 1139 3015 τοῖς
1157 2957 1286 3038 πλήθεσι.

149 3078 239 3137 quem
261 3058 370 3126 locum,
393 3054 477 3133 quod
494 3074 616 3114 monere
635 3052 769 3131 neglexit
788 3053 945 3124 Kusterue,
969 3051 1111 3112 adhibuit
1125 3052 1211 3112 Suid.
1225 3054 1286 3114 ΙΙΙ.

148 3175 179 3232 p.
193 3160 240 3214 38.
261 3149 453 3232 παράστασις,
474 3149 557 3230 άρμιὶ,
573 3148 722 3230 προθυμία.
744 3146 788 3206 καί
807 3145 991 3228 παράστασις
1007 3149 1109 3228 ψνχης
1124 3146 1196 3228 πράς
1211 3147 1286 3210 ε’λεν-

147 3250 240 3330 θερίαν
260 3274 284 3306 κ.
292 3258 352 3305 τ.λ.
393 3243 509 3304 Eodem
529 3263 619 3303 sensu
637 3241 815 3324 παράστημα
836 3245 938 3322 ψυχῆς
962 3243 1072 3322 legitur
1091 3243 1172 3322 apud
1195 3242 1285 3304 Diod

149 3346 206 3406 Sic.
220 3345 297 3406 Bibl.
312 3341 415 3402 XVII.
437 3350 483 3402 11.
502 3360 533 3419 p.
549 3340 614 3401 168.
654 3341 700 3400 cf.
721 3340 821 3400 Graev.
841 3339 881 3399 ad
901 3339 1029 3400 Lucinni
1050 3339 1155 3425 Soloee.
1170 3339 1232 3400 111.
1253 3363 1284 3420 p.

147 3441 214 3502 563.
226 3440 274 3500 ed.
283 3441 390 3508 Amet,
404 3435 550 3498 Abresoh.
561 3434 715 3495 Dilucidd.
727 3435 824 3496 Thnc.
836 3455 867 3515 p.
877 3434 944 3502 376.
957 3445 988 3496 et
1000 3432 1098 3514 Toup.
1111 3434 1150 3493 ad
1165 3435 1248 3496 Suid
1258 3437 1283 3496 1.

145 3559 177 3618 p.
189 3545 257 3598 380.
271 3536 318 3597 ed.
331 3535 414 3614 Lipe.
437 3531 611 3593 Accusativi
622 3530 757 3609 pendent
767 3551 787 3592 ιι
798 3530 897 3591 verbis
911 3533 1046 3600 πεποίηκε
1061 3530 1104 3589 καὶ
1116 3529 1226 3601 ποιήσει
1241 3532 1285 3592 καί

145 3641 228 3706 ποιεῖ,
248 3628 450 3710 luutdtafuclt,
467 3637 499 3687 ut
521 3626 649 3707 improba
670 3627 759 3688 antmt
780 3627 898 3688 consiliu
914 3626 1043 3704 φθισικιίυ
1060 3654 1089 3686 τι
1104 3629 1197 3705 fiant,
1219 3628 1249 3688 h.
1256 3651 1283 3691 e.

145 3737 261 3810 pereant
286 3735 314 3786 et
341 3725 427 3807 quasi
457 3722 523 3783 tabe
547 3721 742 3782 absumantur.
784 3721 893 3801 Itaque
914 3742 1014 3782 carere
1035 3722 1115 3792 licet,
1137 3733 1172 3782 ut
1197 3725 1282 3803 equi-

146 3826 214 3886 dem
232 3825 348 3904 opinor,
373 3822 472 3883 Grotii
495 3821 666 3899 conjecture
688 3828 821 3880 ceterum
842 3818 1044 3898 pereleganti:
1071 3821 1170 3900 Ψυχῆς
1195 3846 1282 3892 πονη-

144 3926 195 4006 ’ρᾶς
214 3918 354 3996 δνσσεβης
380 3915 581 3999 παραστάτης.
622 3916 670 3975 Ita
687 3914 751 3974 fere
774 3912 861 3974 Plato
878 3913 916 3974 de
936 3914 1032 3993 Legg.
1048 3914 1102 3974 IX.
1124 3934 1154 3994 p.
1171 3923 1238 3983 870.
1255 3937 1281 3978 c.

144 4017 248 4098 φθάνον
263 4027 351 4079 vocat
363 4013 496 4097 χαλεπάν
508 4013 610 4094 ψυχῆς
625 4010 774 4092 ξιίυοικου.”
800 4009 955 4070 Munuux.
988 4009 1087 4089 Atqui
1100 4009 1151 4070 vix
1166 4012 1280 4086 Graece,

145 4125 180 4175 ut
191 4113 306 4193 opinor,
320 4112 469 4172 diceretur
486 4116 574 4192 ποιεῖν
594 4103 790 4190 παραστάσεις
805 4105 941 4183 φθισιιιάν,
962 4116 993 4166 et
1006 4115 1150 4183 praeterea
1163 4120 1281 4190 senten·

144 4212 194 4280 tia,
220 4211 253 4268 nl
273 4209 360 4269 valde
383 4208 479 4276 fallor,
502 4205 666 4284 postularet
692 4203 745 4262 τάς
770 4199 975 4284 παραστάσεις.
1017 4202 1118 4284 ψυχῆς
1142 4203 1281 4282 θυσσεβης

144 4305 325 4385 παράστασις
349 4314 394 4366 eet
408 4301 551 4382 improbus
570 4299 657 4360 animi
678 4299 808 4379 impetus,
828 4306 859 4359 et
877 4297 1072 4360 'referendum
1091 4299 1130 4359 ad
1150 4300 1259 4377 φθόνος.
