<?xml version="1.0" encoding="UTF-8"?>
<!DOCTYPE html PUBLIC "-//W3C//DTD XHTML 1.0 Transitional//EN"
    "http://www.w3.org/TR/xhtml1/DTD/xhtml1-transitional.dtd">
<html xmlns="http://www.w3.org/1999/xhtml" xml:lang="en" lang="en">
 <head>
  <title>
</title>
<meta http-equiv="Content-Type" content="text/html;charset=utf-8" />
  <meta name='ocr-system' content='tesseract 3.04.00' />
  <meta name='ocr-capabilities' content='ocr_page ocr_carea ocr_par ocr_line ocrx_word'/>
</head>
<body>
  <div class='ocr_page' id='page_1' title='image "./comicorumgraeco00bailgoog_0134.png"; bbox 0 0 2990 5010; ppageno 0'>
   <div class='ocr_carea' id='block_1_1' title="bbox 597 331 1293 402">
    <p class='ocr_par' dir='ltr' id='par_1_1' title="bbox 597 331 1293 402">
     <span class='ocr_line' id='line_1_1' title="bbox 597 331 1293 402; baseline 0.019 -17"><span class='ocrx_word' id='word_1_1' title='bbox 597 337 840 388; x_wconf 72' lang='lat' dir='ltr'><strong>urrunnun„</strong></span> <span class='ocrx_word' id='word_1_2' title='bbox 1227 331 1293 402; x_wconf 74' lang='lat'><strong>119</strong></span> 
     </span>
    </p>
   </div>
   <div class='ocr_carea' id='block_1_2' title="bbox 144 522 1291 701">
    <p class='ocr_par' dir='ltr' id='par_1_2' title="bbox 144 522 1291 701">
     <span class='ocr_line' id='line_1_2' title="bbox 148 522 1290 605; baseline 0.005 -25"><span class='ocrx_word' id='word_1_3' title='bbox 148 542 228 603; x_wconf 71' lang='lat' dir='ltr'><strong>noys</strong></span> <span class='ocrx_word' id='word_1_4' title='bbox 254 522 276 580; x_wconf 90' lang='lat' dir='ltr'><strong>it</strong></span> <span class='ocrx_word' id='word_1_5' title='bbox 303 525 382 584; x_wconf 75' lang='lat' dir='ltr'><strong>rates</strong></span> <span class='ocrx_word' id='word_1_6' title='bbox 401 522 407 605; x_wconf 87' lang='grc' dir='ltr'>Ι</span> <span class='ocrx_word' id='word_1_7' title='bbox 427 523 551 602; x_wconf 73' lang='lat' dir='ltr'><strong>through</strong></span> <span class='ocrx_word' id='word_1_8' title='bbox 578 527 684 583; x_wconf 82' lang='lat' dir='ltr'><strong>error&#39;s</strong></span> <span class='ocrx_word' id='word_1_9' title='bbox 699 522 799 604; x_wconf 70' lang='lat' dir='ltr'><strong>sauny</strong></span> <span class='ocrx_word' id='word_1_10' title='bbox 826 523 896 603; x_wconf 78' lang='lat' dir='ltr'><strong>boga</strong></span> <span class='ocrx_word' id='word_1_11' title='bbox 922 525 981 585; x_wconf 85' lang='lat' dir='ltr'><strong>und</strong></span> <span class='ocrx_word' id='word_1_12' title='bbox 1006 525 1108 604; x_wconf 75' lang='lat' dir='ltr'><strong>tlurny</strong></span> <span class='ocrx_word' id='word_1_13' title='bbox 1135 524 1260 590; x_wconf 67' lang='lat' dir='ltr'><strong>bubus</strong></span> <span class='ocrx_word' id='word_1_14' title='bbox 1284 522 1290 604; x_wconf 94' lang='grc' dir='ltr'>Ι</span> 
     </span>
     <span class='ocr_line' id='line_1_3' title="bbox 144 616 1291 701; baseline 0.003 -25"><span class='ocrx_word' id='word_1_15' title='bbox 144 616 232 676; x_wconf 74' lang='lat' dir='ltr'><strong>while</strong></span> <span class='ocrx_word' id='word_1_16' title='bbox 252 618 301 676; x_wconf 80' lang='lat' dir='ltr'><strong>tire</strong></span> <span class='ocrx_word' id='word_1_17' title='bbox 319 616 622 699; x_wconf 70' lang='lat' dir='ltr'><strong>ninguidedfolioner</strong></span> <span class='ocrx_word' id='word_1_18' title='bbox 642 618 741 701; x_wconf 75' lang='lat' dir='ltr'><strong>olimbs</strong></span> <span class='ocrx_word' id='word_1_19' title='bbox 760 619 829 679; x_wconf 82' lang='lat' dir='ltr'><strong>ruitis</strong></span> <span class='ocrx_word' id='word_1_20' title='bbox 847 618 921 699; x_wconf 85' lang='lat' dir='ltr'><strong>pain</strong></span> <span class='ocrx_word' id='word_1_21' title='bbox 942 617 947 698; x_wconf 87' lang='grc' dir='ltr'>Ι</span> <span class='ocrx_word' id='word_1_22' title='bbox 969 618 1128 680; x_wconf 78' lang='lat' dir='ltr'><strong>mountniur</strong></span> <span class='ocrx_word' id='word_1_23' title='bbox 1144 616 1291 698; x_wconf 66' lang='lat' dir='ltr'><strong>isth-</strong></span> 
     </span>
    </p>
   </div>
   <div class='ocr_carea' id='block_1_3' title="bbox 41 710 1291 796">
    <p class='ocr_par' dir='ltr' id='par_1_3' title="bbox 41 710 1291 796">
     <span class='ocr_line' id='line_1_4' title="bbox 41 710 1291 796; baseline 0.002 -27"><span class='ocrx_word' id='word_1_24' title='bbox 41 781 45 788; x_wconf 35' lang='grc'>,</span> <span class='ocrx_word' id='word_1_25' title='bbox 147 711 212 781; x_wconf 80' lang='lat' dir='ltr'><strong>ries,</strong></span> <span class='ocrx_word' id='word_1_26' title='bbox 236 712 340 792; x_wconf 79' lang='lat' dir='ltr'><strong>heap&#39;d</strong></span> <span class='ocrx_word' id='word_1_27' title='bbox 359 712 389 772; x_wconf 87' lang='lat' dir='ltr'><strong>in</strong></span> <span class='ocrx_word' id='word_1_28' title='bbox 410 713 455 772; x_wconf 74' lang='lat' dir='ltr'><strong>isis</strong></span> <span class='ocrx_word' id='word_1_29' title='bbox 475 732 538 772; x_wconf 84' lang='lat' dir='ltr'><strong>oron</strong></span> <span class='ocrx_word' id='word_1_30' title='bbox 559 712 642 773; x_wconf 83' lang='lat' dir='ltr'><strong>bruin</strong></span> <span class='ocrx_word' id='word_1_31' title='bbox 651 736 665 781; x_wconf 88' lang='lat'><em>;</em></span> <span class='ocrx_word' id='word_1_32' title='bbox 688 712 692 796; x_wconf 88' lang='grc' dir='ltr'>Ι</span> <span class='ocrx_word' id='word_1_33' title='bbox 712 710 864 794; x_wconf 82' lang='lat' dir='ltr'><strong>rtumblirig</strong></span> <span class='ocrx_word' id='word_1_34' title='bbox 873 713 959 792; x_wconf 79' lang='lat' dir='ltr'><strong>from</strong></span> <span class='ocrx_word' id='word_1_35' title='bbox 980 714 1097 793; x_wconf 69' lang='lat' dir='ltr'><strong>tirougitt</strong></span> <span class='ocrx_word' id='word_1_36' title='bbox 1118 712 1291 792; x_wconf 66' lang='lat' dir='ltr'><strong>erilangus,</strong></span> 
     </span>
    </p>
   </div>
   <div class='ocr_carea' id='block_1_4' title="bbox 138 805 1293 2131">
    <p class='ocr_par' dir='ltr' id='par_1_4' title="bbox 138 805 1293 2131">
     <span class='ocr_line' id='line_1_5' title="bbox 138 805 1293 887; baseline 0.003 -23"><span class='ocrx_word' id='word_1_37' title='bbox 138 805 219 885; x_wconf 79' lang='lat' dir='ltr'><strong>fulls</strong></span> <span class='ocrx_word' id='word_1_38' title='bbox 244 806 386 887; x_wconf 80' lang='lat' dir='ltr'><strong>ieadlong</strong></span> <span class='ocrx_word' id='word_1_39' title='bbox 411 809 494 867; x_wconf 82' lang='lat' dir='ltr'><strong>domn</strong></span> <span class='ocrx_word' id='word_1_40' title='bbox 522 807 527 884; x_wconf 92' lang='grc' dir='ltr'>Ι</span> <span class='ocrx_word' id='word_1_41' title='bbox 556 808 615 868; x_wconf 86' lang='lat' dir='ltr'><strong>into</strong></span> <span class='ocrx_word' id='word_1_42' title='bbox 640 807 750 868; x_wconf 80' lang='lat' dir='ltr'><strong>doubt’s</strong></span> <span class='ocrx_word' id='word_1_43' title='bbox 776 807 924 869; x_wconf 80' lang='lat' dir='ltr'><strong>boundlers</strong></span> <span class='ocrx_word' id='word_1_44' title='bbox 951 830 1021 876; x_wconf 66' lang='lat' dir='ltr'><strong>seru</strong></span> <span class='ocrx_word' id='word_1_45' title='bbox 1053 807 1155 879; x_wconf 74' lang='lat' dir='ltr'><strong>nime,</strong></span> <span class='ocrx_word' id='word_1_46' title='bbox 1182 807 1238 868; x_wconf 79' lang='lat' dir='ltr'><strong>like</strong></span> <span class='ocrx_word' id='word_1_47' title='bbox 1263 815 1293 868; x_wconf 80' lang='lat' dir='ltr'><strong>iu</strong></span> 
     </span>
     <span class='ocr_line' id='line_1_6' title="bbox 149 900 1291 983; baseline 0.003 -24"><span class='ocrx_word' id='word_1_48' title='bbox 149 902 257 970; x_wconf 82' lang='lat' dir='ltr'><strong>droun,</strong></span> <span class='ocrx_word' id='word_1_49' title='bbox 280 901 284 980; x_wconf 95' lang='grc' dir='ltr'>Ι</span> <span class='ocrx_word' id='word_1_50' title='bbox 305 901 389 962; x_wconf 77' lang='lat' dir='ltr'><strong>booles</strong></span> <span class='ocrx_word' id='word_1_51' title='bbox 415 902 484 962; x_wconf 81' lang='lat' dir='ltr'><strong>beor</strong></span> <span class='ocrx_word' id='word_1_52' title='bbox 504 902 561 962; x_wconf 83' lang='lat' dir='ltr'><strong>lriru</strong></span> <span class='ocrx_word' id='word_1_53' title='bbox 585 924 624 982; x_wconf 85' lang='lat' dir='ltr'><strong>up</strong></span> <span class='ocrx_word' id='word_1_54' title='bbox 645 926 664 963; x_wconf 88' lang='lat' dir='ltr'><strong>a</strong></span> <span class='ocrx_word' id='word_1_55' title='bbox 686 904 778 974; x_wconf 76' lang='lat' dir='ltr'><strong>iubila,</strong></span> <span class='ocrx_word' id='word_1_56' title='bbox 802 904 862 963; x_wconf 85' lang='lat' dir='ltr'><strong>aud</strong></span> <span class='ocrx_word' id='word_1_57' title='bbox 881 903 962 962; x_wconf 79' lang='lat' dir='ltr'><strong>malea</strong></span> <span class='ocrx_word' id='word_1_58' title='bbox 981 903 1039 964; x_wconf 76' lang='lat' dir='ltr'><strong>nin</strong></span> <span class='ocrx_word' id='word_1_59' title='bbox 1058 910 1106 983; x_wconf 79' lang='lat' dir='ltr'><strong>try</strong></span> <span class='ocrx_word' id='word_1_60' title='bbox 1135 900 1141 983; x_wconf 94' lang='grc' dir='ltr'>Ι</span> <span class='ocrx_word' id='word_1_61' title='bbox 1163 911 1191 962; x_wconf 87' lang='lat' dir='ltr'><strong>to</strong></span> <span class='ocrx_word' id='word_1_62' title='bbox 1211 902 1291 970; x_wconf 66' lang='lat' dir='ltr'><strong>antina</strong></span> 
     </span>
     <span class='ocr_line' id='line_1_7' title="bbox 149 996 1291 1078; baseline 0.001 -23"><span class='ocrx_word' id='word_1_63' title='bbox 149 997 217 1057; x_wconf 82' lang='lat' dir='ltr'><strong>ruiti</strong></span> <span class='ocrx_word' id='word_1_64' title='bbox 240 996 372 1056; x_wconf 81' lang='lat' dir='ltr'><strong>bladdars</strong></span> <span class='ocrx_word' id='word_1_65' title='bbox 390 997 427 1076; x_wconf 68' lang='lat' dir='ltr'><strong>‘ff</strong></span> <span class='ocrx_word' id='word_1_66' title='bbox 437 997 624 1078; x_wconf 76' lang='lat' dir='ltr'><strong>philoropiy;</strong></span> <span class='ocrx_word' id='word_1_67' title='bbox 649 997 653 1078; x_wconf 96' lang='grc' dir='ltr'>Ι</span> <span class='ocrx_word' id='word_1_68' title='bbox 673 998 703 1058; x_wconf 90' lang='lat' dir='ltr'><strong>in</strong></span> <span class='ocrx_word' id='word_1_69' title='bbox 721 1000 806 1078; x_wconf 79' lang='lat' dir='ltr'><strong>impes</strong></span> <span class='ocrx_word' id='word_1_70' title='bbox 824 999 927 1060; x_wconf 79' lang='lat' dir='ltr'><strong>stillio</strong></span> <span class='ocrx_word' id='word_1_71' title='bbox 946 999 1068 1059; x_wconf 83' lang='lat' dir='ltr'><strong>o&#39;ertulre</strong></span> <span class='ocrx_word' id='word_1_72' title='bbox 1088 997 1135 1057; x_wconf 80' lang='lat' dir='ltr'><strong>tire</strong></span> <span class='ocrx_word' id='word_1_73' title='bbox 1154 996 1291 1078; x_wconf 71' lang='lat' dir='ltr'><strong>stripping</strong></span> 
     </span>
     <span class='ocr_line' id='line_1_8' title="bbox 147 1090 1291 1175; baseline 0.002 -25"><span class='ocrx_word' id='word_1_74' title='bbox 147 1091 230 1171; x_wconf 78' lang='lat' dir='ltr'><strong>ligii,</strong></span> <span class='ocrx_word' id='word_1_75' title='bbox 251 1091 256 1172; x_wconf 95' lang='grc' dir='ltr'>Ι</span> <span class='ocrx_word' id='word_1_76' title='bbox 278 1093 326 1152; x_wconf 76' lang='lat' dir='ltr'><strong>me</strong></span> <span class='ocrx_word' id='word_1_77' title='bbox 340 1113 448 1172; x_wconf 75' lang='lat' dir='ltr'><strong>rapam</strong></span> <span class='ocrx_word' id='word_1_78' title='bbox 464 1093 569 1152; x_wconf 83' lang='lat' dir='ltr'><strong>danaes</strong></span> <span class='ocrx_word' id='word_1_79' title='bbox 584 1090 614 1151; x_wconf 90' lang='lat' dir='ltr'><strong>in</strong></span> <span class='ocrx_word' id='word_1_80' title='bbox 631 1093 678 1152; x_wconf 77' lang='lat' dir='ltr'><strong>laia</strong></span> <span class='ocrx_word' id='word_1_81' title='bbox 693 1094 829 1173; x_wconf 78' lang='lat' dir='ltr'><strong>daasiing</strong></span> <span class='ocrx_word' id='word_1_82' title='bbox 844 1094 931 1174; x_wconf 76' lang='lat' dir='ltr'><strong>right,</strong></span> <span class='ocrx_word' id='word_1_83' title='bbox 952 1092 957 1175; x_wconf 94' lang='grc' dir='ltr'>Ι</span> <span class='ocrx_word' id='word_1_84' title='bbox 978 1093 1023 1153; x_wconf 81' lang='lat' dir='ltr'><strong>tili</strong></span> <span class='ocrx_word' id='word_1_85' title='bbox 1039 1099 1132 1171; x_wconf 81' lang='lat' dir='ltr'><strong>spent,</strong></span> <span class='ocrx_word' id='word_1_86' title='bbox 1154 1090 1178 1152; x_wconf 84' lang='lat' dir='ltr'><strong>it</strong></span> <span class='ocrx_word' id='word_1_87' title='bbox 1197 1093 1291 1153; x_wconf 69' lang='lat' dir='ltr'><strong>nasu</strong></span> 
     </span>
     <span class='ocr_line' id='line_1_9' title="bbox 149 1186 1288 1270; baseline 0.002 -24"><span class='ocrx_word' id='word_1_88' title='bbox 149 1187 206 1247; x_wconf 83' lang='lat' dir='ltr'><strong>irim</strong></span> <span class='ocrx_word' id='word_1_89' title='bbox 224 1196 252 1248; x_wconf 84' lang='lat' dir='ltr'><strong>to</strong></span> <span class='ocrx_word' id='word_1_90' title='bbox 269 1189 379 1248; x_wconf 84' lang='lat' dir='ltr'><strong>eternul</strong></span> <span class='ocrx_word' id='word_1_91' title='bbox 391 1187 482 1268; x_wconf 79' lang='lat' dir='ltr'><strong>night.</strong></span> <span class='ocrx_word' id='word_1_92' title='bbox 503 1186 508 1268; x_wconf 94' lang='grc' dir='ltr'>Ι</span> <span class='ocrx_word' id='word_1_93' title='bbox 534 1187 614 1248; x_wconf 78' lang='lat' dir='ltr'><strong>Titan</strong></span> <span class='ocrx_word' id='word_1_94' title='bbox 630 1189 677 1248; x_wconf 85' lang='lat' dir='ltr'><strong>old</strong></span> <span class='ocrx_word' id='word_1_95' title='bbox 695 1211 750 1270; x_wconf 86' lang='lat' dir='ltr'><strong>age</strong></span> <span class='ocrx_word' id='word_1_96' title='bbox 770 1191 831 1249; x_wconf 85' lang='lat' dir='ltr'><strong>and</strong></span> <span class='ocrx_word' id='word_1_97' title='bbox 846 1191 1018 1270; x_wconf 80' lang='lat' dir='ltr'><strong>caparience,</strong></span> <span class='ocrx_word' id='word_1_98' title='bbox 1032 1189 1111 1248; x_wconf 76' lang='lat' dir='ltr'><strong>land</strong></span> <span class='ocrx_word' id='word_1_99' title='bbox 1127 1189 1157 1249; x_wconf 82' lang='lat' dir='ltr'><strong>in</strong></span> <span class='ocrx_word' id='word_1_100' title='bbox 1173 1190 1259 1260; x_wconf 76' lang='lat' dir='ltr'><strong>land,</strong></span> <span class='ocrx_word' id='word_1_101' title='bbox 1282 1186 1288 1270; x_wconf 94' lang='grc' dir='ltr'>Ι</span> 
     </span>
     <span class='ocr_line' id='line_1_10' title="bbox 147 1281 1291 1364; baseline 0.004 -22"><span class='ocrx_word' id='word_1_102' title='bbox 147 1284 213 1346; x_wconf 74' lang='lat' dir='ltr'><strong>uad</strong></span> <span class='ocrx_word' id='word_1_103' title='bbox 239 1283 296 1342; x_wconf 81' lang='lat' dir='ltr'><strong>irim</strong></span> <span class='ocrx_word' id='word_1_104' title='bbox 319 1292 347 1342; x_wconf 86' lang='lat' dir='ltr'><strong>to</strong></span> <span class='ocrx_word' id='word_1_105' title='bbox 369 1281 463 1352; x_wconf 73' lang='lat' dir='ltr'><strong>death,</strong></span> <span class='ocrx_word' id='word_1_106' title='bbox 491 1284 550 1342; x_wconf 85' lang='lat' dir='ltr'><strong>and</strong></span> <span class='ocrx_word' id='word_1_107' title='bbox 571 1283 731 1343; x_wconf 73' lang='lat' dir='ltr'><strong>malachim</strong></span> <span class='ocrx_word' id='word_1_108' title='bbox 752 1285 935 1357; x_wconf 75' lang='lat' dir='ltr'><strong><em>understand,</em></strong></span> <span class='ocrx_word' id='word_1_109' title='bbox 961 1283 965 1364; x_wconf 96' lang='grc' dir='ltr'>Ι</span> <span class='ocrx_word' id='word_1_110' title='bbox 995 1283 1071 1364; x_wconf 65' lang='lat' dir='ltr'><strong>(fier</strong></span> <span class='ocrx_word' id='word_1_111' title='bbox 1097 1306 1116 1344; x_wconf 86' lang='lat' dir='ltr'><strong>a</strong></span> <span class='ocrx_word' id='word_1_112' title='bbox 1138 1285 1239 1346; x_wconf 76' lang='lat' dir='ltr'><strong>rauroi</strong></span> <span class='ocrx_word' id='word_1_113' title='bbox 1259 1306 1291 1346; x_wconf 84' lang='lat' dir='ltr'><strong>ro</strong></span> 
     </span>
     <span class='ocr_line' id='line_1_11' title="bbox 145 1378 1290 1462; baseline 0.002 -26"><span class='ocrx_word' id='word_1_114' title='bbox 145 1378 265 1457; x_wconf 75' lang='lat' dir='ltr'><strong>pairfid</strong></span> <span class='ocrx_word' id='word_1_115' title='bbox 281 1380 341 1438; x_wconf 87' lang='lat' dir='ltr'><strong>aud</strong></span> <span class='ocrx_word' id='word_1_116' title='bbox 357 1400 388 1438; x_wconf 82' lang='lat' dir='ltr'><strong>so</strong></span> <span class='ocrx_word' id='word_1_117' title='bbox 406 1379 482 1459; x_wconf 83' lang='lat' dir='ltr'><strong>long,</strong></span> <span class='ocrx_word' id='word_1_118' title='bbox 503 1378 508 1459; x_wconf 95' lang='grc' dir='ltr'>Ι</span> <span class='ocrx_word' id='word_1_119' title='bbox 529 1379 604 1449; x_wconf 75' lang='lat' dir='ltr'><strong>ttae,</strong></span> <span class='ocrx_word' id='word_1_120' title='bbox 625 1380 668 1440; x_wconf 88' lang='lat' dir='ltr'><strong>all</strong></span> <span class='ocrx_word' id='word_1_121' title='bbox 689 1380 734 1439; x_wconf 80' lang='lat' dir='ltr'><strong>lis</strong></span> <span class='ocrx_word' id='word_1_122' title='bbox 755 1380 814 1459; x_wconf 64' lang='lat' dir='ltr'><strong>iffa,</strong></span> <span class='ocrx_word' id='word_1_123' title='bbox 837 1380 872 1441; x_wconf 78' lang='lat' dir='ltr'><strong>be</strong></span> <span class='ocrx_word' id='word_1_124' title='bbox 888 1382 942 1440; x_wconf 74' lang='lat' dir='ltr'><strong>luas</strong></span> <span class='ocrx_word' id='word_1_125' title='bbox 961 1380 1026 1440; x_wconf 81' lang='lat' dir='ltr'><strong>been</strong></span> <span class='ocrx_word' id='word_1_126' title='bbox 1043 1379 1073 1438; x_wconf 94' lang='lat' dir='ltr'><strong>in</strong></span> <span class='ocrx_word' id='word_1_127' title='bbox 1092 1380 1139 1440; x_wconf 81' lang='lat' dir='ltr'><strong>tie</strong></span> <span class='ocrx_word' id='word_1_128' title='bbox 1156 1400 1263 1460; x_wconf 75' lang='lat' dir='ltr'><strong>wrong.</strong></span> <span class='ocrx_word' id='word_1_129' title='bbox 1285 1380 1290 1462; x_wconf 96' lang='grc' dir='ltr'>Ι</span> 
     </span>
     <span class='ocr_line' id='line_1_12' title="bbox 150 1473 1291 1556; baseline 0.004 -24"><span class='ocrx_word' id='word_1_130' title='bbox 150 1473 289 1534; x_wconf 83' lang='lat' dir='ltr'><strong>Huddled</strong></span> <span class='ocrx_word' id='word_1_131' title='bbox 308 1475 337 1533; x_wconf 89' lang='lat' dir='ltr'><strong>in</strong></span> <span class='ocrx_word' id='word_1_132' title='bbox 358 1475 425 1544; x_wconf 82' lang='lat' dir='ltr'><strong>diri,</strong></span> <span class='ocrx_word' id='word_1_133' title='bbox 449 1475 495 1534; x_wconf 79' lang='lat' dir='ltr'><strong>the</strong></span> <span class='ocrx_word' id='word_1_134' title='bbox 515 1475 660 1554; x_wconf 82' lang='lat' dir='ltr'><strong>reus&#39;ning</strong></span> <span class='ocrx_word' id='word_1_135' title='bbox 681 1477 783 1556; x_wconf 74' lang='lat' dir='ltr'><strong>augins</strong></span> <span class='ocrx_word' id='word_1_136' title='bbox 802 1475 863 1546; x_wconf 78' lang='lat' dir='ltr'><strong>lies,</strong></span> <span class='ocrx_word' id='word_1_137' title='bbox 885 1475 890 1554; x_wconf 96' lang='grc' dir='ltr'>Ι</span> <span class='ocrx_word' id='word_1_138' title='bbox 915 1476 978 1536; x_wconf 77' lang='lat' dir='ltr'><strong>rodo</strong></span> <span class='ocrx_word' id='word_1_139' title='bbox 1000 1496 1061 1535; x_wconf 81' lang='lat' dir='ltr'><strong>nur</strong></span> <span class='ocrx_word' id='word_1_140' title='bbox 1080 1495 1112 1534; x_wconf 79' lang='lat' dir='ltr'><strong>so</strong></span> <span class='ocrx_word' id='word_1_141' title='bbox 1130 1477 1232 1554; x_wconf 61' lang='lat' dir='ltr'><strong>paud,</strong></span> <span class='ocrx_word' id='word_1_142' title='bbox 1259 1497 1291 1537; x_wconf 84' lang='lat' dir='ltr'><strong>ro</strong></span> 
     </span>
     <span class='ocr_line' id='line_1_13' title="bbox 151 1569 1290 1650; baseline 0.005 -22"><span class='ocrx_word' id='word_1_143' title='bbox 151 1569 240 1650; x_wconf 74' lang='lat' dir='ltr'><strong>nitty,</strong></span> <span class='ocrx_word' id='word_1_144' title='bbox 269 1571 329 1628; x_wconf 87' lang='lat' dir='ltr'><strong>aud</strong></span> <span class='ocrx_word' id='word_1_145' title='bbox 351 1592 382 1630; x_wconf 81' lang='lat' dir='ltr'><strong>so</strong></span> <span class='ocrx_word' id='word_1_146' title='bbox 410 1571 484 1630; x_wconf 68' lang='lat' dir='ltr'><strong>mue.</strong></span> <span class='ocrx_word' id='word_1_147' title='bbox 530 1571 673 1648; x_wconf 87' lang='lat' dir='ltr'>Dumque</span> <span class='ocrx_word' id='word_1_148' title='bbox 695 1571 727 1631; x_wconf 85' lang='lat' dir='ltr'><strong>iu</strong></span> <span class='ocrx_word' id='word_1_149' title='bbox 753 1571 810 1631; x_wconf 92' lang='lat' dir='ltr'><strong>hoc</strong></span> <span class='ocrx_word' id='word_1_150' title='bbox 837 1592 912 1642; x_wconf 90' lang='lat' dir='ltr'><strong>sum,</strong></span> <span class='ocrx_word' id='word_1_151' title='bbox 936 1573 1055 1641; x_wconf 77' lang='lat' dir='ltr'><strong>notabo,</strong></span> <span class='ocrx_word' id='word_1_152' title='bbox 1082 1570 1155 1630; x_wconf 84' lang='lat' dir='ltr'><strong>alios</strong></span> <span class='ocrx_word' id='word_1_153' title='bbox 1180 1582 1290 1650; x_wconf 81' lang='lat' dir='ltr'><strong>proeter</strong></span> 
     </span>
     <span class='ocr_line' id='line_1_14' title="bbox 150 1666 1290 1746; baseline 0.003 -21"><span class='ocrx_word' id='word_1_154' title='bbox 150 1666 350 1727; x_wconf 87' lang='lat' dir='ltr'><strong>Passeratium</strong></span> <span class='ocrx_word' id='word_1_155' title='bbox 372 1679 440 1727; x_wconf 92' lang='lat' dir='ltr'><strong>ante</strong></span> <span class='ocrx_word' id='word_1_156' title='bbox 461 1667 608 1726; x_wconf 82' lang='lat' dir='ltr'><strong>Comitem</strong></span> <span class='ocrx_word' id='word_1_157' title='bbox 627 1667 803 1728; x_wconf 88' lang='lat' dir='ltr'><strong>Rossensem</strong></span> <span class='ocrx_word' id='word_1_158' title='bbox 825 1669 943 1737; x_wconf 89' lang='lat' dir='ltr'><strong>vixisse,</strong></span> <span class='ocrx_word' id='word_1_159' title='bbox 964 1667 1018 1745; x_wconf 92' lang='lat' dir='ltr'><strong>qui</strong></span> <span class='ocrx_word' id='word_1_160' title='bbox 1038 1687 1139 1726; x_wconf 84' lang='lat' dir='ltr'><strong>ansam</strong></span> <span class='ocrx_word' id='word_1_161' title='bbox 1160 1668 1290 1746; x_wconf 86' lang='lat' dir='ltr'><strong>poemati</strong></span> 
     </span>
     <span class='ocr_line' id='line_1_15' title="bbox 149 1761 1289 1843; baseline 0.001 -21"><span class='ocrx_word' id='word_1_162' title='bbox 149 1765 215 1843; x_wconf 85' lang='lat' dir='ltr'><strong>ejus</strong></span> <span class='ocrx_word' id='word_1_163' title='bbox 228 1764 374 1842; x_wconf 86' lang='lat' dir='ltr'><strong>inscripto</strong></span> <span class='ocrx_word' id='word_1_164' title='bbox 387 1763 528 1842; x_wconf 78' lang='lat' dir='ltr'><em>Nothing,</em></span> <span class='ocrx_word' id='word_1_165' title='bbox 547 1762 629 1840; x_wconf 89' lang='lat' dir='ltr'><strong>quod</strong></span> <span class='ocrx_word' id='word_1_166' title='bbox 645 1761 802 1842; x_wconf 80' lang='lat' dir='ltr'><strong>magnifice</strong></span> <span class='ocrx_word' id='word_1_167' title='bbox 819 1764 953 1824; x_wconf 83' lang='lat' dir='ltr'><strong>laudavit</strong></span> <span class='ocrx_word' id='word_1_168' title='bbox 969 1763 1142 1825; x_wconf 85' lang='lat' dir='ltr'><strong>Johnsonus</strong></span> <span class='ocrx_word' id='word_1_169' title='bbox 1159 1764 1192 1822; x_wconf 90' lang='lat' dir='ltr'><strong>in</strong></span> <span class='ocrx_word' id='word_1_170' title='bbox 1207 1762 1289 1832; x_wconf 85' lang='lat' dir='ltr'><strong>Vita,</strong></span> 
     </span>
     <span class='ocr_line' id='line_1_16' title="bbox 150 1858 1289 1940; baseline 0 -22"><span class='ocrx_word' id='word_1_171' title='bbox 150 1861 220 1920; x_wconf 88' lang='lat' dir='ltr'><strong>dare</strong></span> <span class='ocrx_word' id='word_1_172' title='bbox 242 1861 418 1940; x_wconf 75' lang='lat' dir='ltr'><strong>potuissent</strong></span> <span class='ocrx_word' id='word_1_173' title='bbox 465 1858 546 1919; x_wconf 89' lang='lat' dir='ltr'>Vide</span> <span class='ocrx_word' id='word_1_174' title='bbox 570 1859 720 1918; x_wconf 90' lang='lat' dir='ltr'><strong>Theodori</strong></span> <span class='ocrx_word' id='word_1_175' title='bbox 744 1861 862 1920; x_wconf 80' lang='lat' dir='ltr'><strong>Marcili</strong></span> <span class='ocrx_word' id='word_1_176' title='bbox 884 1861 983 1920; x_wconf 82' lang='lat' dir='ltr'><strong>Lusus·</strong></span> <span class='ocrx_word' id='word_1_177' title='bbox 1007 1861 1041 1920; x_wconf 88' lang='lat' dir='ltr'><strong>de</strong></span> <span class='ocrx_word' id='word_1_178' title='bbox 1065 1860 1185 1920; x_wconf 78' lang='lat' dir='ltr'><strong>Numine</strong></span> <span class='ocrx_word' id='word_1_179' title='bbox 1205 1861 1289 1924; x_wconf 85' lang='grc'><strong>1586.</strong></span> 
     </span>
     <span class='ocr_line' id='line_1_17' title="bbox 152 1954 1289 2038; baseline 0 -23"><span class='ocrx_word' id='word_1_180' title='bbox 152 1956 278 2038; x_wconf 68' lang='grc' dir='ltr'>Ωνεὶηνε</span> <span class='ocrx_word' id='word_1_181' title='bbox 294 1956 384 2016; x_wconf 78' lang='lat' dir='ltr'><strong>Chore</strong></span> <span class='ocrx_word' id='word_1_182' title='bbox 397 1977 457 2037; x_wconf 86' lang='lat' dir='ltr'><strong>par</strong></span> <span class='ocrx_word' id='word_1_183' title='bbox 473 1955 510 2014; x_wconf 92' lang='lat' dir='ltr'><strong>P.</strong></span> <span class='ocrx_word' id='word_1_184' title='bbox 529 1954 644 2014; x_wconf 85' lang='lat' dir='ltr'><strong>Gerard</strong></span> <span class='ocrx_word' id='word_1_185' title='bbox 663 1963 746 2023; x_wconf 84' lang='grc'><strong>1587.</strong></span> <span class='ocrx_word' id='word_1_186' title='bbox 761 1957 893 2036; x_wconf 83' lang='lat' dir='ltr'><strong>itemque</strong></span> <span class='ocrx_word' id='word_1_187' title='bbox 914 1957 1001 2037; x_wconf 86' lang='lat' dir='ltr'><strong>Opus</strong></span> <span class='ocrx_word' id='word_1_188' title='bbox 1020 1976 1187 2036; x_wconf 84' lang='lat' dir='ltr'><strong>perrarum,</strong></span> <span class='ocrx_word' id='word_1_189' title='bbox 1208 1956 1289 2033; x_wconf 89' lang='lat' dir='ltr'><strong>(uni-</strong></span> 
     </span>
     <span class='ocr_line' id='line_1_18' title="bbox 150 2050 1291 2131; baseline -0.001 -18"><span class='ocrx_word' id='word_1_190' title='bbox 150 2073 219 2113; x_wconf 91' lang='lat' dir='ltr'><strong>cum</strong></span> <span class='ocrx_word' id='word_1_191' title='bbox 245 2063 363 2112; x_wconf 85' lang='lat' dir='ltr'><strong>tantum</strong></span> <span class='ocrx_word' id='word_1_192' title='bbox 389 2052 452 2111; x_wconf 92' lang='lat' dir='ltr'><strong>vidi</strong></span> <span class='ocrx_word' id='word_1_193' title='bbox 478 2050 638 2130; x_wconf 83' lang='lat' dir='ltr'><strong>exemplar,</strong></span> <span class='ocrx_word' id='word_1_194' title='bbox 670 2051 742 2110; x_wconf 92' lang='lat' dir='ltr'><strong>olim</strong></span> <span class='ocrx_word' id='word_1_195' title='bbox 767 2052 953 2112; x_wconf 84' lang='lat' dir='ltr'><strong>celeberrimi</strong></span> <span class='ocrx_word' id='word_1_196' title='bbox 980 2063 1078 2130; x_wconf 80' lang='lat' dir='ltr'><strong>poetae</strong></span> <span class='ocrx_word' id='word_1_197' title='bbox 1105 2051 1291 2131; x_wconf 88' lang='lat' dir='ltr'><strong>Benjaminis</strong></span> 
     </span>
    </p>
   </div>
   <div class='ocr_carea' id='block_1_5' title="bbox 13 2108 1292 2326">
    <p class='ocr_par' dir='ltr' id='par_1_5' title="bbox 13 2108 1292 2326">
     <span class='ocr_line' id='line_1_19' title="bbox 13 2108 1292 2228; baseline -0.003 -17"><span class='ocrx_word' id='word_1_198' title='bbox 13 2108 18 2210; x_wconf 37' lang='grc' dir='ltr'><strong>Ι,</strong></span> <span class='ocrx_word' id='word_1_199' title='bbox 149 2151 274 2219; x_wconf 89' lang='lat' dir='ltr'><strong>Jonson‚</strong></span> <span class='ocrx_word' id='word_1_200' title='bbox 300 2148 450 2228; x_wconf 89' lang='lat' dir='ltr'><strong>hodieque</strong></span> <span class='ocrx_word' id='word_1_201' title='bbox 472 2147 504 2206; x_wconf 89' lang='lat' dir='ltr'><strong>in</strong></span> <span class='ocrx_word' id='word_1_202' title='bbox 525 2146 697 2206; x_wconf 74' lang='lat' dir='ltr'><strong>Academiae</strong></span> <span class='ocrx_word' id='word_1_203' title='bbox 718 2147 970 2226; x_wconf 75' lang='lat' dir='ltr'><strong>cantabrigiensis</strong></span> <span class='ocrx_word' id='word_1_204' title='bbox 992 2147 1179 2207; x_wconf 88' lang='lat' dir='ltr'><strong>Bibliotheca</strong></span> <span class='ocrx_word' id='word_1_205' title='bbox 1199 2168 1292 2207; x_wconf 86' lang='lat' dir='ltr'><strong>asser-</strong></span> 
     </span>
     <span class='ocr_line' id='line_1_20' title="bbox 16 2243 1291 2326; baseline 0.002 -24"><span class='ocrx_word' id='word_1_206' title='bbox 16 2247 19 2254; x_wconf 87' lang='lat'>&#39;</span> <span class='ocrx_word' id='word_1_207' title='bbox 149 2245 265 2326; x_wconf 85' lang='lat' dir='ltr'><strong>vatum)</strong></span> <span class='ocrx_word' id='word_1_208' title='bbox 287 2246 375 2324; x_wconf 87' lang='lat' dir='ltr'><strong>cujus</strong></span> <span class='ocrx_word' id='word_1_209' title='bbox 401 2245 524 2304; x_wconf 88' lang='lat' dir='ltr'><strong>titulum</strong></span> <span class='ocrx_word' id='word_1_210' title='bbox 547 2243 730 2303; x_wconf 84' lang='lat' dir='ltr'><strong>exscribam:</strong></span> <span class='ocrx_word' id='word_1_211' title='bbox 763 2243 852 2324; x_wconf 79' lang='lat' dir='ltr'><strong>Curp.</strong></span> <span class='ocrx_word' id='word_1_212' title='bbox 876 2243 1022 2304; x_wconf 84' lang='lat' dir='ltr'><strong>Dornauii</strong></span> <span class='ocrx_word' id='word_1_213' title='bbox 1043 2243 1291 2324; x_wconf 76' lang='lat' dir='ltr'><strong>Amphitheatrum</strong></span> 
     </span>
    </p>
   </div>
   <div class='ocr_carea' id='block_1_6' title="bbox 145 2336 1292 2419">
    <p class='ocr_par' dir='ltr' id='par_1_6' title="bbox 145 2336 1292 2419">
     <span class='ocr_line' id='line_1_21' title="bbox 145 2336 1292 2419; baseline 0 -20"><span class='ocrx_word' id='word_1_214' title='bbox 145 2337 297 2419; x_wconf 69' lang='lat' dir='ltr'><strong>sapientie</strong></span> <span class='ocrx_word' id='word_1_215' title='bbox 332 2339 486 2399; x_wconf 76' lang='lat' dir='ltr'><strong>Socraticae</strong></span> <span class='ocrx_word' id='word_1_216' title='bbox 510 2338 688 2418; x_wconf 73' lang='lat' dir='ltr'><strong>joco-seria,</strong></span> <span class='ocrx_word' id='word_1_217' title='bbox 719 2337 769 2397; x_wconf 80' lang='lat' dir='ltr'><strong>boc</strong></span> <span class='ocrx_word' id='word_1_218' title='bbox 799 2347 840 2398; x_wconf 82' lang='lat' dir='ltr'><strong>est</strong></span> <span class='ocrx_word' id='word_1_219' title='bbox 871 2336 1007 2399; x_wconf 83' lang='lat' dir='ltr'><strong>Encomio</strong></span> <span class='ocrx_word' id='word_1_220' title='bbox 1030 2348 1056 2399; x_wconf 86' lang='lat' dir='ltr'><strong>et</strong></span> <span class='ocrx_word' id='word_1_221' title='bbox 1085 2338 1292 2399; x_wconf 77' lang='lat' dir='ltr'><strong>Commentario</strong></span> 
     </span>
    </p>
   </div>
   <div class='ocr_carea' id='block_1_7' title="bbox 10 2431 1292 2697">
    <p class='ocr_par' dir='ltr' id='par_1_7' title="bbox 10 2431 1292 2697">
     <span class='ocr_line' id='line_1_22' title="bbox 10 2431 1292 2514; baseline -0.002 -20"><span class='ocrx_word' id='word_1_222' title='bbox 10 2466 18 2503; x_wconf 68' lang='grc' dir='ltr'>ς</span> <span class='ocrx_word' id='word_1_223' title='bbox 148 2443 288 2506; x_wconf 84' lang='lat' dir='ltr'><strong>autorum,</strong></span> <span class='ocrx_word' id='word_1_224' title='bbox 311 2455 368 2514; x_wconf 83' lang='lat' dir='ltr'><strong>qua</strong></span> <span class='ocrx_word' id='word_1_225' title='bbox 390 2441 520 2504; x_wconf 84' lang='lat' dir='ltr'><strong>veterum,</strong></span> <span class='ocrx_word' id='word_1_226' title='bbox 545 2453 600 2513; x_wconf 83' lang='lat' dir='ltr'><strong>qua</strong></span> <span class='ocrx_word' id='word_1_227' title='bbox 623 2431 806 2492; x_wconf 74' lang='lat' dir='ltr'><strong>recentiorum</strong></span> <span class='ocrx_word' id='word_1_228' title='bbox 828 2454 920 2514; x_wconf 81' lang='lat' dir='ltr'><strong>prope</strong></span> <span class='ocrx_word' id='word_1_229' title='bbox 948 2432 1089 2494; x_wconf 88' lang='lat' dir='ltr'><strong>omnium:</strong></span> <span class='ocrx_word' id='word_1_230' title='bbox 1119 2433 1221 2514; x_wconf 81' lang='lat' dir='ltr'><strong>quibus</strong></span> <span class='ocrx_word' id='word_1_231' title='bbox 1245 2453 1292 2492; x_wconf 85' lang='lat' dir='ltr'><strong>res</strong></span> 
     </span>
     <span class='ocr_line' id='line_1_23' title="bbox 14 2527 1292 2610; baseline -0.002 -20"><span class='ocrx_word' id='word_1_232' title='bbox 14 2545 17 2596; x_wconf 79' lang='lat' dir='ltr'>j</span> <span class='ocrx_word' id='word_1_233' title='bbox 148 2538 200 2591; x_wconf 86' lang='lat' dir='ltr'><strong>aut</strong></span> <span class='ocrx_word' id='word_1_234' title='bbox 220 2550 277 2609; x_wconf 77' lang='lat' dir='ltr'><strong>pro</strong></span> <span class='ocrx_word' id='word_1_235' title='bbox 296 2529 399 2589; x_wconf 79' lang='lat' dir='ltr'><strong>vilibus</strong></span> <span class='ocrx_word' id='word_1_236' title='bbox 424 2530 508 2609; x_wconf 49' lang='lat' dir='ltr'><strong>nubo</strong></span> <span class='ocrx_word' id='word_1_237' title='bbox 533 2537 585 2588; x_wconf 87' lang='lat' dir='ltr'><strong>out</strong></span> <span class='ocrx_word' id='word_1_238' title='bbox 611 2528 753 2587; x_wconf 74' lang='lat' dir='ltr'><strong>damnosis</strong></span> <span class='ocrx_word' id='word_1_239' title='bbox 779 2527 895 2599; x_wconf 77' lang='lat' dir='ltr'><strong>habitu,</strong></span> <span class='ocrx_word' id='word_1_240' title='bbox 922 2529 991 2610; x_wconf 76' lang='lat' dir='ltr'><strong>styli</strong></span> <span class='ocrx_word' id='word_1_241' title='bbox 1012 2527 1175 2610; x_wconf 83' lang='lat' dir='ltr'><strong>patrocinio</strong></span> <span class='ocrx_word' id='word_1_242' title='bbox 1200 2529 1292 2590; x_wconf 85' lang='lat' dir='ltr'><strong>vindi·</strong></span> 
     </span>
     <span class='ocr_line' id='line_1_24' title="bbox 10 2621 1290 2697; baseline -0.002 -11"><span class='ocrx_word' id='word_1_243' title='bbox 10 2662 18 2695; x_wconf 74' lang='lat'>;</span> <span class='ocrx_word' id='word_1_244' title='bbox 145 2627 260 2697; x_wconf 61' lang='lat' dir='ltr'><strong>&#39;contum</strong></span> <span class='ocrx_word' id='word_1_245' title='bbox 280 2633 461 2685; x_wconf 75' lang='lat' dir='ltr'><strong>reornantur.</strong></span> <span class='ocrx_word' id='word_1_246' title='bbox 490 2623 643 2695; x_wconf 85' lang='lat' dir='ltr'><strong>Hanovioe,</strong></span> <span class='ocrx_word' id='word_1_247' title='bbox 658 2621 742 2690; x_wconf 84' lang='grc'><strong>1670.</strong></span> <span class='ocrx_word' id='word_1_248' title='bbox 782 2623 852 2696; x_wconf 93' lang='lat' dir='ltr'><strong>Quo</strong></span> <span class='ocrx_word' id='word_1_249' title='bbox 871 2625 904 2684; x_wconf 91' lang='lat' dir='ltr'><strong>in</strong></span> <span class='ocrx_word' id='word_1_250' title='bbox 923 2625 1076 2684; x_wconf 89' lang='lat' dir='ltr'><strong>volumine</strong></span> <span class='ocrx_word' id='word_1_251' title='bbox 1096 2624 1167 2684; x_wconf 90' lang='lat' dir='ltr'><strong>satis</strong></span> <span class='ocrx_word' id='word_1_252' title='bbox 1185 2624 1290 2695; x_wconf 87' lang='lat' dir='ltr'><strong>multa,</strong></span> 
     </span>
    </p>
   </div>
   <div class='ocr_carea' id='block_1_8' title="bbox 145 2719 1291 3280">
    <p class='ocr_par' dir='ltr' id='par_1_8' title="bbox 145 2719 1291 3280">
     <span class='ocr_line' id='line_1_25' title="bbox 149 2719 1290 2799; baseline 0 -19"><span class='ocrx_word' id='word_1_253' title='bbox 149 2723 172 2781; x_wconf 88' lang='lat' dir='ltr'><strong>si</strong></span> <span class='ocrx_word' id='word_1_254' title='bbox 195 2721 323 2790; x_wconf 83' lang='lat' dir='ltr'><strong>vacabit,</strong></span> <span class='ocrx_word' id='word_1_255' title='bbox 344 2719 393 2780; x_wconf 85' lang='lat' dir='ltr'><strong>De</strong></span> <span class='ocrx_word' id='word_1_256' title='bbox 415 2719 516 2779; x_wconf 79' lang='lat' dir='ltr'><strong>Nihilo</strong></span> <span class='ocrx_word' id='word_1_257' title='bbox 535 2721 647 2799; x_wconf 86' lang='lat' dir='ltr'><strong>scripta</strong></span> <span class='ocrx_word' id='word_1_258' title='bbox 672 2729 810 2798; x_wconf 86' lang='lat' dir='ltr'><strong>poemata</strong></span> <span class='ocrx_word' id='word_1_259' title='bbox 835 2719 974 2799; x_wconf 88' lang='lat' dir='ltr'><strong>reperies.</strong></span> <span class='ocrx_word' id='word_1_260' title='bbox 1022 2719 1100 2779; x_wconf 89' lang='lat' dir='ltr'><strong>Cum</strong></span> <span class='ocrx_word' id='word_1_261' title='bbox 1129 2721 1290 2780; x_wconf 87' lang='lat' dir='ltr'><strong>Menandri</strong></span> 
     </span>
     <span class='ocr_line' id='line_1_26' title="bbox 147 2814 1291 2894; baseline -0.003 -16"><span class='ocrx_word' id='word_1_262' title='bbox 147 2828 249 2878; x_wconf 87' lang='lat' dir='ltr'><strong>autem</strong></span> <span class='ocrx_word' id='word_1_263' title='bbox 275 2817 341 2876; x_wconf 91' lang='lat' dir='ltr'><strong>loco</strong></span> <span class='ocrx_word' id='word_1_264' title='bbox 366 2814 496 2875; x_wconf 78' lang='lat' dir='ltr'><strong>conferri</strong></span> <span class='ocrx_word' id='word_1_265' title='bbox 519 2825 619 2894; x_wconf 90' lang='lat' dir='ltr'><strong>potest</strong></span> <span class='ocrx_word' id='word_1_266' title='bbox 645 2814 734 2876; x_wconf 88' lang='lat' dir='ltr'><strong>etiam</strong></span> <span class='ocrx_word' id='word_1_267' title='bbox 761 2814 880 2894; x_wconf 83' lang='lat' dir='ltr'><strong>Otway.</strong></span> <span class='ocrx_word' id='word_1_268' title='bbox 912 2814 1014 2878; x_wconf 85' lang='lat' dir='ltr'><strong>Venice</strong></span> <span class='ocrx_word' id='word_1_269' title='bbox 1037 2814 1197 2875; x_wconf 82' lang='lat' dir='ltr'><strong>Preserved</strong></span> <span class='ocrx_word' id='word_1_270' title='bbox 1211 2817 1248 2874; x_wconf 90' lang='lat' dir='ltr'><strong>V.</strong></span> <span class='ocrx_word' id='word_1_271' title='bbox 1264 2826 1291 2877; x_wconf 89' lang='lat'><strong>1.</strong></span> 
     </span>
     <span class='ocr_line' id='line_1_27' title="bbox 146 2909 1291 2992; baseline -0.001 -20"><span class='ocrx_word' id='word_1_272' title='bbox 146 2913 212 2973; x_wconf 74' lang='lat' dir='ltr'><strong>init„</strong></span> <span class='ocrx_word' id='word_1_273' title='bbox 255 2913 297 2972; x_wconf 87' lang='lat' dir='ltr'><strong>Or</strong></span> <span class='ocrx_word' id='word_1_274' title='bbox 318 2911 411 2971; x_wconf 80' lang='lat' dir='ltr'><strong>would</strong></span> <span class='ocrx_word' id='word_1_275' title='bbox 432 2911 494 2970; x_wconf 78' lang='lat' dir='ltr'><strong>litat</strong></span> <span class='ocrx_word' id='word_1_276' title='bbox 518 2911 567 2969; x_wconf 86' lang='lat' dir='ltr'><strong>I&#39;d</strong></span> <span class='ocrx_word' id='word_1_277' title='bbox 587 2911 654 2970; x_wconf 82' lang='lat' dir='ltr'><strong>been</strong></span> <span class='ocrx_word' id='word_1_278' title='bbox 673 2930 731 2989; x_wconf 75' lang='lat' dir='ltr'><strong>any</strong></span> <span class='ocrx_word' id='word_1_279' title='bbox 753 2909 834 2989; x_wconf 74' lang='lat' dir='ltr'><strong>thing</strong></span> <span class='ocrx_word' id='word_1_280' title='bbox 855 2909 903 2968; x_wconf 83' lang='lat' dir='ltr'><strong>but</strong></span> <span class='ocrx_word' id='word_1_281' title='bbox 926 2931 1002 2981; x_wconf 85' lang='lat' dir='ltr'><strong>mun,</strong></span> <span class='ocrx_word' id='word_1_282' title='bbox 1025 2909 1031 2992; x_wconf 96' lang='grc' dir='ltr'>Ι</span> <span class='ocrx_word' id='word_1_283' title='bbox 1058 2911 1118 2969; x_wconf 86' lang='lat' dir='ltr'><strong>und</strong></span> <span class='ocrx_word' id='word_1_284' title='bbox 1140 2912 1230 2972; x_wconf 81' lang='lat' dir='ltr'><strong>rair&#39;d</strong></span> <span class='ocrx_word' id='word_1_285' title='bbox 1253 2933 1291 2971; x_wconf 88' lang='lat' dir='ltr'><strong>uu</strong></span> 
     </span>
     <span class='ocr_line' id='line_1_28' title="bbox 148 3003 1291 3084; baseline -0.002 -16"><span class='ocrx_word' id='word_1_286' title='bbox 148 3009 224 3068; x_wconf 76' lang='lat' dir='ltr'><strong>iram</strong></span> <span class='ocrx_word' id='word_1_287' title='bbox 246 3007 337 3065; x_wconf 80' lang='lat' dir='ltr'><strong>miricis</strong></span> <span class='ocrx_word' id='word_1_288' title='bbox 357 3005 448 3064; x_wconf 86' lang='lat' dir='ltr'><strong>moald</strong></span> <span class='ocrx_word' id='word_1_289' title='bbox 471 3007 546 3064; x_wconf 86' lang='lat' dir='ltr'><strong>ne&#39;er</strong></span> <span class='ocrx_word' id='word_1_290' title='bbox 569 3004 641 3065; x_wconf 81' lang='lat' dir='ltr'><strong>dove</strong></span> <span class='ocrx_word' id='word_1_291' title='bbox 662 3003 789 3084; x_wconf 81' lang='lat' dir='ltr'><strong>rorong&#39;d</strong></span> <span class='ocrx_word' id='word_1_292' title='bbox 810 3009 872 3064; x_wconf 84' lang='lat' dir='ltr'><strong>ma!</strong></span> <span class='ocrx_word' id='word_1_293' title='bbox 900 3003 904 3084; x_wconf 96' lang='grc' dir='ltr'>Ι</span> <span class='ocrx_word' id='word_1_294' title='bbox 933 3004 995 3064; x_wconf 81' lang='lat' dir='ltr'><strong>Tite</strong></span> <span class='ocrx_word' id='word_1_295' title='bbox 1014 3004 1191 3065; x_wconf 83' lang='lat' dir='ltr'><strong>miserablest</strong></span> <span class='ocrx_word' id='word_1_296' title='bbox 1211 3027 1291 3067; x_wconf 83' lang='lat' dir='ltr'><strong>creo·</strong></span> 
     </span>
     <span class='ocr_line' id='line_1_29' title="bbox 148 3098 1291 3183; baseline -0.003 -20"><span class='ocrx_word' id='word_1_297' title='bbox 148 3112 228 3163; x_wconf 78' lang='lat' dir='ltr'><strong>turer</strong></span> <span class='ocrx_word' id='word_1_298' title='bbox 249 3102 328 3179; x_wconf 87' lang='lat' dir='ltr'><strong>(man</strong></span> <span class='ocrx_word' id='word_1_299' title='bbox 351 3100 497 3181; x_wconf 76' lang='lat' dir='ltr'><strong>excepted)</strong></span> <span class='ocrx_word' id='word_1_300' title='bbox 520 3098 526 3181; x_wconf 96' lang='grc' dir='ltr'>Ι</span> <span class='ocrx_word' id='word_1_301' title='bbox 545 3122 597 3160; x_wconf 86' lang='lat' dir='ltr'><strong>are</strong></span> <span class='ocrx_word' id='word_1_302' title='bbox 619 3106 667 3160; x_wconf 84' lang='lat' dir='ltr'><strong>not</strong></span> <span class='ocrx_word' id='word_1_303' title='bbox 693 3098 741 3159; x_wconf 80' lang='lat' dir='ltr'><strong>tlte</strong></span> <span class='ocrx_word' id='word_1_304' title='bbox 763 3100 820 3159; x_wconf 79' lang='lat' dir='ltr'><strong>less</strong></span> <span class='ocrx_word' id='word_1_305' title='bbox 842 3102 980 3172; x_wconf 67' lang='lat' dir='ltr'><strong>etiamad,</strong></span> <span class='ocrx_word' id='word_1_306' title='bbox 1004 3102 1110 3181; x_wconf 76' lang='lat' dir='ltr'><strong>though</strong></span> <span class='ocrx_word' id='word_1_307' title='bbox 1131 3101 1206 3162; x_wconf 76' lang='lat' dir='ltr'><strong>their</strong></span> <span class='ocrx_word' id='word_1_308' title='bbox 1224 3124 1291 3183; x_wconf 82' lang='lat' dir='ltr'><strong>por-</strong></span> 
     </span>
     <span class='ocr_line' id='line_1_30' title="bbox 145 3191 1290 3280; baseline -0.001 -23"><span class='ocrx_word' id='word_1_309' title='bbox 145 3191 234 3277; x_wconf 73' lang='lat' dir='ltr'><strong>&#39;terity</strong></span> <span class='ocrx_word' id='word_1_310' title='bbox 249 3195 254 3277; x_wconf 95' lang='grc' dir='ltr'>Ι</span> <span class='ocrx_word' id='word_1_311' title='bbox 275 3195 519 3275; x_wconf 79' lang='lat' dir='ltr'><strong>degen&#39;rutesrom</strong></span> <span class='ocrx_word' id='word_1_312' title='bbox 532 3197 578 3255; x_wconf 80' lang='lat' dir='ltr'><strong>tle</strong></span> <span class='ocrx_word' id='word_1_313' title='bbox 591 3196 697 3256; x_wconf 81' lang='lat' dir='ltr'><strong>virtues</strong></span> <span class='ocrx_word' id='word_1_314' title='bbox 714 3195 752 3274; x_wconf 69' lang='lat' dir='ltr'><strong>‘ff</strong></span> <span class='ocrx_word' id='word_1_315' title='bbox 762 3193 837 3255; x_wconf 75' lang='lat' dir='ltr'><strong>their</strong></span> <span class='ocrx_word' id='word_1_316' title='bbox 840 3196 964 3274; x_wconf 79' lang='lat' dir='ltr'><strong>fathers</strong></span> <span class='ocrx_word' id='word_1_317' title='bbox 972 3220 986 3265; x_wconf 88' lang='lat'><strong>,·</strong></span> <span class='ocrx_word' id='word_1_318' title='bbox 1008 3196 1015 3280; x_wconf 98' lang='grc' dir='ltr'>Ι</span> <span class='ocrx_word' id='word_1_319' title='bbox 1034 3197 1081 3257; x_wconf 80' lang='lat' dir='ltr'><strong>tire</strong></span> <span class='ocrx_word' id='word_1_320' title='bbox 1096 3196 1178 3258; x_wconf 84' lang='lat' dir='ltr'><strong>vilest</strong></span> <span class='ocrx_word' id='word_1_321' title='bbox 1195 3196 1290 3256; x_wconf 76' lang='lat' dir='ltr'><strong>heusta</strong></span> 
     </span>
    </p>
   </div>
   <div class='ocr_carea' id='block_1_9' title="bbox 147 3290 1288 3449">
    <p class='ocr_par' dir='ltr' id='par_1_9' title="bbox 147 3290 1288 3449">
     <span class='ocr_line' id='line_1_31' title="bbox 147 3290 1288 3376; baseline 0 -22"><span class='ocrx_word' id='word_1_322' title='bbox 147 3315 198 3354; x_wconf 85' lang='lat' dir='ltr'><strong>ure</strong></span> <span class='ocrx_word' id='word_1_323' title='bbox 211 3294 309 3374; x_wconf 74' lang='lat' dir='ltr'><strong>happy</strong></span> <span class='ocrx_word' id='word_1_324' title='bbox 329 3293 359 3351; x_wconf 91' lang='lat' dir='ltr'><strong>in</strong></span> <span class='ocrx_word' id='word_1_325' title='bbox 375 3291 449 3351; x_wconf 79' lang='lat' dir='ltr'><strong>their</strong></span> <span class='ocrx_word' id='word_1_326' title='bbox 466 3292 634 3374; x_wconf 69' lang='lat' dir='ltr'><strong>offmriuga,</strong></span> <span class='ocrx_word' id='word_1_327' title='bbox 656 3290 765 3352; x_wconf 56' lang='lat' dir='ltr'><strong>l‘rultile</strong></span> <span class='ocrx_word' id='word_1_328' title='bbox 781 3290 847 3373; x_wconf 76' lang='lat' dir='ltr'><strong>only</strong></span> <span class='ocrx_word' id='word_1_329' title='bbox 862 3313 927 3352; x_wconf 86' lang='lat' dir='ltr'><strong>man</strong></span> <span class='ocrx_word' id='word_1_330' title='bbox 945 3303 1010 3376; x_wconf 76' lang='lat' dir='ltr'><strong>geta</strong></span> <span class='ocrx_word' id='word_1_331' title='bbox 1028 3294 1155 3366; x_wconf 82' lang='lat' dir='ltr'><strong>traitors,</strong></span> <span class='ocrx_word' id='word_1_332' title='bbox 1171 3293 1288 3366; x_wconf 77' lang='lat' dir='ltr'><strong>rubores,</strong></span> 
     </span>
     <span class='ocr_line' id='line_1_32' title="bbox 147 3388 351 3449; baseline -0.015 0"><span class='ocrx_word' id='word_1_333' title='bbox 147 3388 207 3449; x_wconf 89' lang='lat' dir='ltr'><strong>and</strong></span> <span class='ocrx_word' id='word_1_334' title='bbox 226 3389 351 3448; x_wconf 72' lang='lat' dir='ltr'><strong>billaine.</strong></span> 
     </span>
    </p>
   </div>
   <div class='ocr_carea' id='block_1_10' title="bbox 145 3499 1291 4356">
    <p class='ocr_par' dir='ltr' id='par_1_10' title="bbox 145 3499 1291 4356">
     <span class='ocr_line' id='line_1_33' title="bbox 205 3499 1291 3584; baseline 0.002 -23"><span class='ocrx_word' id='word_1_335' title='bbox 205 3503 216 3533; x_wconf 86' lang='lat'><strong>¹</strong></span> <span class='ocrx_word' id='word_1_336' title='bbox 237 3500 380 3580; x_wconf 87' lang='lat' dir='ltr'><strong>“Lepida</strong></span> <span class='ocrx_word' id='word_1_337' title='bbox 401 3520 474 3559; x_wconf 86' lang='lat' dir='ltr'><strong>usus</strong></span> <span class='ocrx_word' id='word_1_338' title='bbox 491 3509 538 3560; x_wconf 85' lang='lat' dir='ltr'><strong>est</strong></span> <span class='ocrx_word' id='word_1_339' title='bbox 557 3499 770 3578; x_wconf 83' lang='lat' dir='ltr'><strong>Vespasianus,</strong></span> <span class='ocrx_word' id='word_1_340' title='bbox 787 3509 862 3560; x_wconf 83' lang='lat' dir='ltr'><strong>teste</strong></span> <span class='ocrx_word' id='word_1_341' title='bbox 879 3500 1003 3562; x_wconf 84' lang='lat' dir='ltr'><strong>Sueton.</strong></span> <span class='ocrx_word' id='word_1_342' title='bbox 1017 3522 1042 3562; x_wconf 85' lang='lat' dir='ltr'><strong>o.</strong></span> <span class='ocrx_word' id='word_1_343' title='bbox 1056 3510 1104 3563; x_wconf 76' lang='lat'><strong>23.</strong></span> <span class='ocrx_word' id='word_1_344' title='bbox 1128 3502 1163 3562; x_wconf 85' lang='lat' dir='ltr'><strong>de</strong></span> <span class='ocrx_word' id='word_1_345' title='bbox 1189 3502 1291 3584; x_wconf 73' lang='lat' dir='ltr'><strong>Cerylo</strong></span> 
     </span>
     <span class='ocr_line' id='line_1_34' title="bbox 146 3593 1288 3678; baseline 0 -20"><span class='ocrx_word' id='word_1_346' title='bbox 146 3599 256 3672; x_wconf 84' lang='lat' dir='ltr'><strong>liberto,</strong></span> <span class='ocrx_word' id='word_1_347' title='bbox 276 3596 327 3678; x_wconf 82' lang='lat' dir='ltr'><strong>qui</strong></span> <span class='ocrx_word' id='word_1_348' title='bbox 347 3595 426 3654; x_wconf 80' lang='lat' dir='ltr'><strong>dives</strong></span> <span class='ocrx_word' id='word_1_349' title='bbox 448 3595 596 3654; x_wconf 85' lang='lat' dir='ltr'><strong>admodum</strong></span> <span class='ocrx_word' id='word_1_350' title='bbox 617 3595 650 3654; x_wconf 84' lang='lat' dir='ltr'><strong>ob</strong></span> <span class='ocrx_word' id='word_1_351' title='bbox 671 3593 936 3675; x_wconf 68' lang='lat' dir='ltr'><strong>subterfugiendum</strong></span> <span class='ocrx_word' id='word_1_352' title='bbox 955 3597 1123 3677; x_wconf 82' lang='lat' dir='ltr'><strong>quandoque</strong></span> <span class='ocrx_word' id='word_1_353' title='bbox 1134 3598 1191 3678; x_wconf 84' lang='lat' dir='ltr'><strong>jus</strong></span> <span class='ocrx_word' id='word_1_354' title='bbox 1204 3599 1288 3676; x_wconf 81' lang='lat' dir='ltr'><strong>fisci,</strong></span> 
     </span>
     <span class='ocr_line' id='line_1_35' title="bbox 146 3683 1289 3776; baseline -0.003 -20"><span class='ocrx_word' id='word_1_355' title='bbox 146 3683 296 3776; x_wconf 83' lang='lat' dir='ltr'><strong>ingenuum</strong></span> <span class='ocrx_word' id='word_1_356' title='bbox 323 3713 354 3752; x_wconf 84' lang='lat' dir='ltr'><strong>se</strong></span> <span class='ocrx_word' id='word_1_357' title='bbox 376 3701 403 3752; x_wconf 85' lang='lat' dir='ltr'><strong>et</strong></span> <span class='ocrx_word' id='word_1_358' title='bbox 425 3691 576 3752; x_wconf 68' lang='lat' dir='ltr'><strong>Lachetem</strong></span> <span class='ocrx_word' id='word_1_359' title='bbox 600 3697 708 3750; x_wconf 87' lang='lat' dir='ltr'><strong>mutato</strong></span> <span class='ocrx_word' id='word_1_360' title='bbox 727 3691 837 3751; x_wconf 87' lang='lat' dir='ltr'><strong>nomina</strong></span> <span class='ocrx_word' id='word_1_361' title='bbox 858 3701 982 3772; x_wconf 79' lang='lat' dir='ltr'><strong>cuperat</strong></span> <span class='ocrx_word' id='word_1_362' title='bbox 990 3693 1099 3772; x_wconf 84' lang='lat' dir='ltr'><strong>ferre:</strong></span> <span class='ocrx_word' id='word_1_363' title='bbox 1135 3690 1157 3752; x_wconf 82' lang='lat' dir='ltr'><strong>ul</strong></span> <span class='ocrx_word' id='word_1_364' title='bbox 1178 3692 1289 3776; x_wconf 95' lang='grc' dir='ltr'>Λάχης,</span> 
     </span>
     <span class='ocr_line' id='line_1_36' title="bbox 146 3783 1289 3872; baseline -0.001 -23"><span class='ocrx_word' id='word_1_365' title='bbox 146 3789 257 3872; x_wconf 81' lang='grc' dir='ltr'>Λάχης,</span> <span class='ocrx_word' id='word_1_366' title='bbox 276 3786 368 3847; x_wconf 71' lang='lat' dir='ltr'><strong>’Euda</strong></span> <span class='ocrx_word' id='word_1_367' title='bbox 393 3785 545 3870; x_wconf 72' lang='grc' dir='ltr'>ἀποθάνῃς,</span> <span class='ocrx_word' id='word_1_368' title='bbox 573 3783 646 3846; x_wconf 75' lang='grc' dir='ltr'>αὖθις</span> <span class='ocrx_word' id='word_1_369' title='bbox 672 3785 707 3866; x_wconf 79' lang='grc' dir='ltr'><strong>ἔξ</strong></span> <span class='ocrx_word' id='word_1_370' title='bbox 730 3785 823 3867; x_wconf 73' lang='grc' dir='ltr'>άρχῆς</span> <span class='ocrx_word' id='word_1_371' title='bbox 849 3785 906 3848; x_wconf 76' lang='grc' dir='ltr'>ἔσει</span> <span class='ocrx_word' id='word_1_372' title='bbox 934 3788 1092 3872; x_wconf 80' lang='grc' dir='ltr'>Κηράλος.”</span> <span class='ocrx_word' id='word_1_373' title='bbox 1132 3789 1289 3852; x_wconf 68' lang='grc' dir='ltr'><strong>ΜΕΙΝΕΚ.</strong></span> 
     </span>
     <span class='ocr_line' id='line_1_37' title="bbox 147 3880 1289 3966; baseline 0.003 -21"><span class='ocrx_word' id='word_1_374' title='bbox 147 3886 201 3965; x_wconf 89' lang='lat' dir='ltr'><strong>qui</strong></span> <span class='ocrx_word' id='word_1_375' title='bbox 223 3884 256 3943; x_wconf 89' lang='lat' dir='ltr'><strong>in</strong></span> <span class='ocrx_word' id='word_1_376' title='bbox 272 3883 446 3962; x_wconf 81' lang='lat' dir='ltr'><strong>corrigend.</strong></span> <span class='ocrx_word' id='word_1_377' title='bbox 468 3893 499 3942; x_wconf 94' lang='lat' dir='ltr'><strong>et</strong></span> <span class='ocrx_word' id='word_1_378' title='bbox 512 3881 652 3944; x_wconf 87' lang='lat' dir='ltr'><strong>Addend.</strong></span> <span class='ocrx_word' id='word_1_379' title='bbox 673 3892 766 3952; x_wconf 84' lang='lat' dir='ltr'><strong>notat,</strong></span> <span class='ocrx_word' id='word_1_380' title='bbox 788 3880 919 3944; x_wconf 73' lang='lat' dir='ltr'><strong>verbani</strong></span> <span class='ocrx_word' id='word_1_381' title='bbox 939 3882 1049 3966; x_wconf 87' lang='grc' dir='ltr'>Λάχης,</span> <span class='ocrx_word' id='word_1_382' title='bbox 1076 3883 1188 3965; x_wconf 87' lang='grc' dir='ltr'>Λάχης,</span> <span class='ocrx_word' id='word_1_383' title='bbox 1213 3885 1289 3947; x_wconf 85' lang='lat' dir='ltr'><strong>Ves-</strong></span> 
     </span>
     <span class='ocr_line' id='line_1_38' title="bbox 145 3977 1291 4060; baseline 0.002 -19"><span class='ocrx_word' id='word_1_384' title='bbox 145 3981 302 4060; x_wconf 88' lang='lat' dir='ltr'><strong>pasianum</strong></span> <span class='ocrx_word' id='word_1_385' title='bbox 328 4001 388 4039; x_wconf 90' lang='lat' dir='ltr'><strong>non</strong></span> <span class='ocrx_word' id='word_1_386' title='bbox 415 3980 454 4040; x_wconf 88' lang='lat' dir='ltr'><strong>de</strong></span> <span class='ocrx_word' id='word_1_387' title='bbox 481 3999 535 4039; x_wconf 86' lang='lat' dir='ltr'><strong>suo</strong></span> <span class='ocrx_word' id='word_1_388' title='bbox 558 3977 718 4049; x_wconf 81' lang='lat' dir='ltr'><strong>addidisse,</strong></span> <span class='ocrx_word' id='word_1_389' title='bbox 746 3978 799 4038; x_wconf 85' lang='lat' dir='ltr'><strong>sed</strong></span> <span class='ocrx_word' id='word_1_390' title='bbox 822 3999 860 4038; x_wconf 86' lang='lat' dir='ltr'><strong>ex</strong></span> <span class='ocrx_word' id='word_1_391' title='bbox 887 3980 945 4040; x_wconf 80' lang='lat' dir='ltr'><strong>alio</strong></span> <span class='ocrx_word' id='word_1_392' title='bbox 972 3981 1131 4042; x_wconf 82' lang='lat' dir='ltr'><strong>Menandri</strong></span> <span class='ocrx_word' id='word_1_393' title='bbox 1157 3981 1291 4046; x_wconf 77' lang='lat' dir='ltr'><strong>dramate</strong></span> 
     </span>
     <span class='ocr_line' id='line_1_39' title="bbox 146 4072 1290 4158; baseline 0.004 -23"><span class='ocrx_word' id='word_1_394' title='bbox 146 4095 305 4155; x_wconf 86' lang='lat' dir='ltr'><strong>usurpasse</strong></span> <span class='ocrx_word' id='word_1_395' title='bbox 331 4072 436 4136; x_wconf 89' lang='lat' dir='ltr'><strong>videri.</strong></span> <span class='ocrx_word' id='word_1_396' title='bbox 477 4076 565 4134; x_wconf 87' lang='lat' dir='ltr'><strong>Certe</strong></span> <span class='ocrx_word' id='word_1_397' title='bbox 584 4073 751 4134; x_wconf 85' lang='lat' dir='ltr'><strong>Menandro</strong></span> <span class='ocrx_word' id='word_1_398' title='bbox 772 4073 886 4153; x_wconf 79' lang='lat' dir='ltr'><strong>(pergit</strong></span> <span class='ocrx_word' id='word_1_399' title='bbox 906 4074 1090 4158; x_wconf 85' lang='lat' dir='ltr'><strong>Meinekius)</strong></span> <span class='ocrx_word' id='word_1_400' title='bbox 1114 4075 1290 4140; x_wconf 89' lang='lat' dir='ltr'><strong>tribuuntur</strong></span> 
     </span>
     <span class='ocr_line' id='line_1_40' title="bbox 145 4166 1288 4257; baseline 0.001 -26"><span class='ocrx_word' id='word_1_401' title='bbox 145 4173 184 4231; x_wconf 82' lang='lat' dir='ltr'><strong>ab</strong></span> <span class='ocrx_word' id='word_1_402' title='bbox 198 4170 361 4249; x_wconf 86' lang='lat' dir='ltr'><strong>Apollonio</strong></span> <span class='ocrx_word' id='word_1_403' title='bbox 375 4171 413 4230; x_wconf 85' lang='lat' dir='ltr'><strong>de</strong></span> <span class='ocrx_word' id='word_1_404' title='bbox 430 4169 516 4250; x_wconf 83' lang='lat' dir='ltr'><strong>Synt·</strong></span> <span class='ocrx_word' id='word_1_405' title='bbox 532 4169 556 4234; x_wconf 86' lang='lat' dir='ltr'><strong>I·</strong></span> <span class='ocrx_word' id='word_1_406' title='bbox 573 4178 617 4236; x_wconf 85' lang='lat'><strong>17.</strong></span> <span class='ocrx_word' id='word_1_407' title='bbox 632 4189 662 4249; x_wconf 83' lang='lat' dir='ltr'><strong>p·</strong></span> <span class='ocrx_word' id='word_1_408' title='bbox 679 4168 726 4231; x_wconf 75' lang='lat'><strong>46.</strong></span> <span class='ocrx_word' id='word_1_409' title='bbox 767 4166 932 4250; x_wconf 78' lang='grc' dir='ltr'>διστάζεται</span> <span class='ocrx_word' id='word_1_410' title='bbox 957 4168 995 4228; x_wconf 82' lang='grc' dir='ltr'>τά</span> <span class='ocrx_word' id='word_1_411' title='bbox 1021 4169 1102 4253; x_wconf 77' lang='grc' dir='ltr'>παρά</span> <span class='ocrx_word' id='word_1_412' title='bbox 1127 4169 1288 4257; x_wconf 57' lang='grc' dir='ltr'>Μενάνδρῳ</span> 
     </span>
     <span class='ocr_line' id='line_1_41' title="bbox 145 4263 1286 4356; baseline 0.007 -32"><span class='ocrx_word' id='word_1_413' title='bbox 145 4263 166 4324; x_wconf 77' lang='lat' dir='ltr'><strong>si</strong></span> <span class='ocrx_word' id='word_1_414' title='bbox 179 4263 290 4350; x_wconf 84' lang='grc' dir='ltr'>Λάχης,</span> <span class='ocrx_word' id='word_1_415' title='bbox 305 4264 415 4348; x_wconf 83' lang='grc' dir='ltr'>Λάχης,</span> <span class='ocrx_word' id='word_1_416' title='bbox 436 4263 560 4347; x_wconf 81' lang='grc' dir='ltr'>πάτερον</span> <span class='ocrx_word' id='word_1_417' title='bbox 577 4265 606 4325; x_wconf 78' lang='grc' dir='ltr'><strong>ἐν</strong></span> <span class='ocrx_word' id='word_1_418' title='bbox 620 4264 749 4346; x_wconf 77' lang='grc' dir='ltr'>σχήματι</span> <span class='ocrx_word' id='word_1_419' title='bbox 765 4292 789 4324; x_wconf 85' lang='grc' dir='ltr'><strong>κ.</strong></span> <span class='ocrx_word' id='word_1_420' title='bbox 805 4291 832 4325; x_wconf 76' lang='lat' dir='ltr'><strong>r.</strong></span> <span class='ocrx_word' id='word_1_421' title='bbox 847 4278 873 4323; x_wconf 82' lang='grc' dir='ltr'><strong>λ.</strong></span> <span class='ocrx_word' id='word_1_422' title='bbox 907 4265 1063 4328; x_wconf 76' lang='lat' dir='ltr'><strong>Hactenus</strong></span> <span class='ocrx_word' id='word_1_423' title='bbox 1077 4266 1136 4331; x_wconf 82' lang='lat' dir='ltr'><strong>ille.</strong></span> <span class='ocrx_word' id='word_1_424' title='bbox 1170 4269 1286 4356; x_wconf 51' lang='lat' dir='ltr'><strong>Lache!</strong></span> 
     </span>
    </p>
   </div>
   <div class='ocr_carea' id='block_1_11' title="bbox 0 0 1500 5010">
    <p class='ocr_par' dir='ltr' id='par_1_11' title="bbox 0 0 1500 5010">
     <span class='ocr_line' id='line_1_42' title="bbox 0 0 1500 5010; baseline 0 0"><span class='ocrx_word' id='word_1_425' title='bbox 0 0 1500 5010; x_wconf 95' lang='lat' dir='ltr'><strong> </strong></span> 
     </span>
    </p>
   </div>
  </div>
 </body>
</html>
