2990 5010
233 347 298 408 124
396 357 645 408 courcorruru
675 359 911 409 aencorum
937 356 1205 406 rnaerrunrn.

287 529 409 598 ⁶au'ri3v
429 541 469 599 Η.
485 540 665 620 Stephanus,
690 541 830 610 Clericus,
854 540 1032 610 Brunckius,
1060 539 1251 610 Meinelrius3
1290 538 1381 617 quod

230 635 316 694 unice
327 653 435 695 ‘verum
454 651 505 696 est.
546 637 624 696 Vide
638 637 786 696 Matthiaei
797 637 848 695 Gr.
863 637 915 695 Gr.
930 645 996 707 489.
1031 636 1198 695 Blomfield.
1212 635 1254 694 ad
1268 635 1380 694 AEscb.

231 732 326 790 Prom.
341 733 377 792 V.
389 741 454 801 787.
489 734 568 792 Bast.
582 733 680 811 Epist.
694 733 766 792 Crit.
779 755 809 812 p.
823 742 889 792 212.
904 733 982 792 infra
994 733 1032 792 ad
1046 732 1232 792 Philemonis
1246 733 1378 810 Fragm.

229 827 300 884 Vll.
314 847 344 885 n.
358 835 384 887 5.

285 939 296 970 ⁷
318 939 393 996 “De
414 938 652 997 sternutamentis
675 958 735 996 non
758 959 889 1017 agemus,
914 939 1100 998 monebimus
1121 939 1171 999 hic
1191 949 1318 999 tantum
1341 951 1378 998 ut

227 1033 378 1090 nonnullis
394 1033 569 1091 sternutatio
582 1034 695 1092 bonum
712 1054 799 1093 omen
811 1035 879 1103 fuit,
897 1035 961 1092 aliis
980 1047 1082 1094 contra
1097 1035 1251 1093 sinistrum
1265 1035 1377 1094 fuisse.

228 1127 391 1186 Frontinus
404 1126 442 1185 de
457 1127 722 1204 stratagematibus
743 1129 809 1188 Lib.
824 1129 849 1188 1.
864 1149 890 1188 c.
904 1139 947 1189 lt.
992 1129 1154 1188 Timotheus
1174 1129 1374 1200 Atheniensis,

227 1223 335 1301 inquit,
358 1221 450 1279 classe
469 1221 657 1281 dimicaturus
675 1224 813 1283 aduersus
837 1223 1008 1304 Corcyroeos,
1027 1225 1214 1303 gubernatori
1232 1246 1296 1295 auo,
1321 1225 1375 1306 qm·

224 1318 417 1397 proficiscenti
430 1321 497 1397 jam
524 1318 611 1377 classi
633 1319 745 1397 riguum
767 1320 891 1398 receptui
917 1329 1040 1399 coeperut
1061 1321 1141 1390 dure,
1169 1320 1237 1400 quia
1259 1343 1295 1380 eu
1325 1343 1374 1380 re-

227 1414 347 1492 migibus
374 1416 521 1494 quemdam
545 1423 746 1474 sternutantem
772 1416 943 1476 audiverat:
978 1416 1102 1486 miraris,
1130 1416 1238 1494 inquit,
1264 1440 1301 1477 eu
1330 1427 1370 1477 tot

226 1509 349 1568 millibus
368 1532 452 1569 unum
470 1509 668 1591 perfriairse?
709 1512 800 1583 Quod
821 1522 920 1571 tamen
941 1533 1000 1570 non
1025 1513 1062 1571 de
1086 1513 1191 1590 quovis
1215 1524 1371 1574 sternuta-

225 1617 326 1665 mento
347 1608 534 1684 capiendum,
555 1608 608 1667 sed
628 1609 665 1667 de
682 1629 718 1667 eo
740 1609 791 1686 qui
814 1610 964 1667 oriebatur
981 1631 997 1666 a
1018 1610 1115 1668 media
1136 1620 1222 1668 nocte
1241 1611 1281 1669 ad
1302 1631 1370 1670 me·

225 1703 341 1774 ridiem,
357 1716 391 1763 ut
408 1705 495 1764 docet
508 1705 692 1773 Aristoteles,
707 1715 759 1763 aut
772 1703 943 1763 Alexander
956 1704 1207 1782 Aphrodisiensis‚
1222 1707 1253 1764 in
1272 1708 1369 1766 Prob-

219 1787 292 1857 lem.
308 1799 385 1858 Sect-
400 1799 549 1858 XXXIV.
567 1809 611 1858 ll.
632 1801 686 1859 ubi
711 1800 855 1878 quaerltur
874 1799 918 1857 Bra*
928 1803 965 1856 ’σι’
981 1804 1007 1858 oi
1022 1798 1071 1872 μὲν
1086 1799 1146 1857 cliro*
1157 1797 1247 1872 με’σων
1261 1804 1370 1861 νυκτόν

224 1892 295 1974 ἅχρι
322 1892 406 1966 με’σης
432 1891 542 1975 η’μέραε,
576 1893 624 1951 οὐκ
651 1894 753 1968 simullai
779 1898 916 1975 πταρμοί·
949 1898 975 1952 oi
1000 1893 1029 1953 δὲ
1053 1893 1114 1951 o'rrd
1138 1893 1222 1967 με’σηε
1248 1893 1367 1978 η’μέρατ,

224 1989 295 2068 ἄχρι
312 1986 403 2062 μέσων
420 1991 539 2059 sverain
562 2011 615 2048 cur
626 1997 856 2058 sternutamenta,
874 2009 937 2069 puoe
958 1991 1121 2069 contingunt
1139 2012 1157 2049 o
1176 1993 1269 2052 medio
1284 2005 1369 2054 nocte

224 2085 361 2163 usquead
379 2084 520 2142 meridiem
534 2084 591 2142 siut
598 2083 718 2162 fausta,
736 2105 798 2164 quae
821 2105 887 2143 vero
904 2106 922 2143 u
941 2085 1056 2143 meridie
1069 2087 1109 2144 ud
1123 2086 1242 2146 mediam
1256 2099 1366 2150 uoctm

224 2199 277 2238 uon
297 2179 388 2239 item?
428 2181 559 2238 Conatur
576 2180 683 2238 deinde
701 2181 846 2238 rationem
859 2180 1006 2258 ejusmodi
1020 2181 1115 2239 delirii
1129 2182 1262 2254 reddere,
1279 2186 1366 2264 quod

223 2294 291 2333 cum
306 2275 473 2334 Menandro
486 2286 587 2332 nostro
601 2276 762 2353 sapientius
770 2275 933 2334 irrisisset.’'
955 2276 1086 2335 Cnsmc.
1116 2277 1185 2336 “Cf.
1195 2279 1365 2339 Lindenbr.

222 2369 260 2428 ad
271 2370 390 2429 Terent.
407 2371 448 2428 ll.
461 2391 491 2447 p.
508 2377 572 2429 140.
594 2370 640 2428 ed.
655 2371 746 2428 West.
760 2381 790 2429 et
804 2371 961 2428 Davisium
976 2371 1013 2428 ad
1028 2371 1122 2430 Cicer.
1137 2373 1174 2431 de
1197 2373 1302 2434 Divin.
1317 2375 1363 2436 11.

221 2474 268 2526 40.
308 2465 402 2544 Apud
418 2465 620 2538 Theocritum,
642 2477 676 2525 ut
692 2466 748 2526 hoc
762 2466 879 2536 addam,
903 2466 992 2544 Idyll.
1009 2467 1128 2527 XVIII.
1152 2468 1195 2529 16.
1223 2471 1311 2542 male,
1326 2485 1364 2532 ut

221 2560 295 2618 mihi
318 2561 439 2639 quidem
462 2560 590 2631 videtum
616 2561 727 2638 legitur
747 2559 855 2635 Ὄλβιε
876 2560 990 2642 ηάμβρ’,
1012 2560 1117 2635 νῖηαθόε
1137 2589 1178 2622 ‘ris
1197 2562 1363 2647 ἐπέπταμεν

219 2652 360 2735 ἐρχομένῳ
387 2681 442 2713 τοι.
474 2655 555 2732 quod
581 2655 728 2734 explicare
750 2667 872 2715 conatus
895 2668 941 2716 est
964 2656 1134 2716 Hemsterh.
1155 2659 1192 2716 ad
1220 2659 1360 2739 Propert-

222 2749 385 2810 Burmanni
406 2751 474 2810 Lib.
494 2752 535 2809 ll.
557 2761 585 2821 2,
606 2759 652 2812 35.
674 2773 704 2830 p.
728 2759 794 2822 935.
835 2753 972 2812 Fortasse
995 2753 1152 2831 scripserat
1179 2754 1363 2816 Theocritus

219 2842 326 2916 α’γαθόν
346 2847 415 2902 ru?
457 2847 605 2905 Mutuus.

279 2963 289 2992 ⁸
310 2964 452 3022 “Mirum
470 2977 515 3026 est
535 2965 663 3025 Athenis
681 2974 802 3025 cantum
823 2978 940 3025 noctuae
957 2967 1119 3028 iufaustum
1143 2988 1232 3030 omen
1252 2972 1355 3042 fuisse,

220 3079 298 3129 cum,
322 3060 346 3119 si
370 3062 491 3132 volaret,
512 3063 692 3140 praesagium
709 3062 840 3122 vietoriae
857 3085 919 3123 esse
938 3075 1087 3143 putarent,
1105 3077 1139 3124 ut
1156 3065 1266 3128 docent
1286 3069 1357 3130 Par·

220 3155 416 3235 oemlographl
439 3158 470 3216 ln
491 3156 588 3236 Γλαιῗξ
607 3159 756 3215 ἵπταται.”
798 3161 927 3220 Chmtlc.
968 3162 1019 3220 Ad
1040 3161 1204 3236 δεδοίκαμεν,
1227 3165 1297 3226 vide
1317 3167 1355 3226 ad

221 3251 340 3330 Fragm.
355 3253 380 3310 1.
393 3272 423 3310 n.
438 3261 463 3312 3.

748 3567 828 3634 111¹.

319 3823 356 3892 Ei
378 3816 438 3901 μέν
464 3850 497 3888 rr
522 3822 618 3891 κακὸν
642 3821 760 3908 ἀληθὲς
783 3829 882 3922 εἶχεν,
909 3821 1032 3912 Φειδία,

317 3934 428 4032 ζητεῖν
451 3934 571 4021 ἀληθὲς
594 3935 768 4035 φάρμακον
791 3939 912 4012 τούτου
934 3941 965 4014 σ’
988 3938 1082 4015 ider*

318 4059 372 4125 νῦν
397 4048 422 4122 d'
445 4053 500 4124 οὑκ
526 4050 623 4152 ἔχεις·
649 4055 737 4129 reuda
762 4057 895 4154 εὕρηκας
918 4059 959 4130 'rui
982 4060 1153 4158 φάρμακον

317 4168 397 4266 arpis
421 4170 464 4243 rd
487 4171 584 4245 κενόν·
609 4170 737 4258 οἱηθητι
763 4167 788 4242 d
812 4172 956 4272 ὠφελεῖν
981 4182 1017 4248 ri
1041 4211 1090 4252 σε.

317 4287 589 4380 περιμαξάτωσάν
614 4291 643 4362 o'
669 4293 701 4361 ai
725 4295 873 4382 γυναῖκες
896 4293 929 4364 ἐν
954 4292 1058 4388 κύκλῳ
