2948 5010
595 379 822 432 VERSIONES
844 381 1022 432 LATINAE.

633 609 734 676 xvl.
763 613 792 678 o.
838 612 978 697 (rao.)

743 791 866 850 Annulo.

241 919 285 976 At
302 937 400 977 uonna
419 917 510 997 pestis
529 915 657 995 pessima
676 928 721 977 est
740 919 914 979 mortalibus

241 1012 388 1083 Ebrietas,
406 1021 497 1092 atque
517 1010 658 1072 damnum
678 1010 954 1073 damnosissimum?

1070 1081 1092 1154 ⁸·
1198 1112 1315 1172 Guor.

242 1233 432 1296 Temulentia
450 1254 523 1314 ergo
541 1254 640 1294 nonne
659 1236 823 1296 maximum
843 1238 976 1297 omnium

242 1332 393 1391 Malorum
412 1330 582 1390 hominibus
600 1329 713 1409 pariter
732 1341 762 1391 et
780 1333 983 1393 teterrimum?

1125 1431 1167 1489 H.
1182 1430 1316 1490 Susurri.

242 1556 352 1615 Nonne
370 1556 455 1615 malis
474 1555 567 1634 igitur
587 1575 701 1616 summe
720 1557 885 1616 execranda
905 1559 1062 1637 quibusvis

319 1650 445 1710 Tristior
463 1649 591 1709 ebrietas
608 1649 704 1729 major
723 1661 754 1710 et
772 1672 836 1712 esse
856 1653 952 1712 solet?

1046 1773 1048 1776 ·
1110 1748 1314 1809 Eosuouru.

737 1876 842 1936 Aliter.
1164 1837 1167 1842 Ι

244 1984 348 2056 Quid?
369 2003 467 2044 nonne
486 1984 614 2045 ebrietas
633 1987 729 2048 scelus
748 1987 935 2046 execrabile?
978 1987 1029 2046 An
1049 1987 1100 2046 illa

321 2080 421 2159 Majus
437 2081 482 2139 fas
502 2080 663 2159 quicquam
682 2081 776 2142 dicier
794 2092 826 2141 et
844 2082 985 2160 gravius?

1108 2178 1312 2240 Eosuourrr.

613 2429 796 2498 xv11.7.
841 2429 981 2516 (raa.)

683 2605 942 2666 commorientibus.

437 2716 549 2778 Videas
568 2728 616 2779 sat
635 2718 683 2778 vel
702 2718 772 2777 hino
791 2716 963 2776 mortalibus

246 2813 390 2874 Peruities
409 2812 449 2873 sit
466 2824 579 2892 quanta
597 2824 709 2885 venter,
730 2834 798 2892 quae
818 2813 932 2882 doceat,
952 2812 990 2870 ad
1010 2831 1077 2890 quoe
1097 2813 1212 2873 incitet.

245 2911 344 2971 Unam
362 2908 438 2968 hanc
456 2919 572 2988 partem
590 2910 685 2988 siquis
704 2919 805 2968 nostro
824 2907 965 2967 demserit
982 2906 1021 2967 ds
1040 2925 1173 2986 empore,

243 3008 339 3065 Nemo
357 2997 497 3084 iujuriam
515 3006 607 3066 ieret¹
629 3005 718 3076 ultro,
738 3024 827 3063 nemo
846 3001 1065 3063 contumelium.

244 3105 288 3170 At
306 3122 386 3162 nunc
405 3101 496 3180 hujus
516 3102 590 3162 vitio
609 3101 723 3179 ubique
744 3110 852 3159 cuncta
870 3099 947 3158 fiunt
965 3097 1094 3158 turbida
1361 3109 1376 3160 5

1200 3198 1306 3258 Guor.

717 3395 888 3406 *⁸¹*—

648 3603 961 3670 ANTIPHANES.

672 3814 755 3880 1.1.
799 3812 938 3901 (Pas.)

247 4001 293 4059 Ne
313 4017 420 4078 corpus
438 4015 525 4056 ornes
543 4005 607 4055 arte
625 3993 831 4073 pigmentaria,

247 4093 305 4154 Sed
325 4113 375 4154 eor
393 4091 524 4154 bonmds
543 4090 676 4150 moribus
695 4108 729 4148 ac
749 4087 834 4148 iactis
853 4087 963 4168 probis.

1198 4188 1304 4251 (inor.

580 4347 586 4374 ¹
602 4345 692 4406 busur?
721 4343 855 4404 Schweigh.

1000 4431 1369 4517 [suuis-aurursus&
