2948 5010
474 373 707 424 vultulouus
728 337 901 423 narrum.

104 554 237 632 Namque
257 555 300 614 illi
320 556 479 633 ignoscunt
499 577 568 615 eum
587 558 689 616 ferunt
707 557 864 636 injuriam:

106 650 169 710 Hae
187 653 274 712 tuue¹
296 672 365 711 cum
384 653 505 712 faciunt
518 654 597 712 ultro
617 653 911 714 aeeunnt'ulterum.

107 745 285 826 Imperitant
305 746 390 824 queis
406 746 457 826 jus
476 766 537 807 non
557 759 618 808 est:
639 748 725 827 queis
741 748 793 827 jus
812 757 859 806 est
876 767 927 806 eos

106 840 279 920 Negleotim
298 842 418 902 habent
438 843 607 920 perjurant:
628 854 658 903 et
679 842 815 921 quamvis
834 842 911 900 bene

109 937 231 999 Habitae
250 939 380 1018 aliquem
400 958 517 1016 semper
537 938 678 1002 simulant
697 937 915 1017 aegritudinem.

512 1261 593 1326 vn.
624 1265 655 1325 a.
701 1260 757 1344 (Ρ.
773 1259 843 1340 36.)

113 1437 245 1496 Uxorem
264 1458 320 1498 nee
340 1439 449 1499 ceritus
468 1459 524 1498 nee
543 1438 734 1518 limphaticus

113 1531 190 1603 Quis
210 1532 310 1604 ducat,
330 1544 413 1594 tanto
432 1535 540 1594 vixerit
559 1554 628 1598 cum
648 1534 792 1594 suavius?

111 1622 225 1687 Notam
245 1630 345 1690 subire
366 1640 477 1708 quanto
497 1630 588 1692 satius
607 1630 733 1710 pauperi

113 1723 213 1798 Quam
233 1725 311 1784 ferre
331 1729 475 1785 uxorem?
498 1726 611 1804 quippe
631 1746 706 1804 quos
727 1726 839 1784 Censor
858 1733 951 1794 notat,

115 1819 181 1878 Hos
199 1819 264 1880 aliis
285 1822 431 1900 imperare
450 1823 533 1900 leges
552 1842 613 1881 nou
633 1821 745 1883 sinuas
788 1901 789 1904 Ἴ

113 1918 156 1974 At
175 1915 256 1975 enim
275 1918 400 1978 maritus
417 1918 514 1996 ipsius
533 1917 693 1996 imperium
714 1917 760 1978 sui

113 2010 228 2090 Ejurat.
249 2021 340 2089 atque
359 2013 400 2082 ei,
418 2013 481 2071 vita
497 2012 573 2074 dum
591 2012 750 2074 incolimus
768 2023 879 2082 manet,

113 2105 244 2166 cottidie
265 2107 412 2184 supplicia
431 2117 595 2170 nascuntur
614 2127 701 2168 nova.

507 2422 607 2487 vlu.
642 2425 672 2486 1..
718 2422 858 2510 (rur.)

625 2617 748 2679 Helena.

114 2734 297 2812 Quicunque
316 2743 429 2793 amator
448 2744 565 2793 tantum
585 2733 689 2793 florem
708 2737 868 2813 corporum

113 2831 215 2901 Amat,
236 2841 267 2890 et
285 2832 393 2891 amoris
412 2831 483 2892 alias
503 2850 605 2890 causas
624 2830 804 2903 nonhabet,

115 2926 285 3004 Voluptatis
304 2927 425 2995 amicus,
445 2946 506 2985 nou
525 2926 689 2985 amicorum
708 2924 796 2984 oluit:

116 3021 310 3100 Injuriusque
330 3023 436 3081 Amori
456 3032 501 3081 est
519 3021 652 3080 mortalis
672 3020 749 3090 Deo,

115 3117 209 3196 Apud
229 3117 301 3177 alios
322 3139 413 3196 quem
433 3117 670 3184 suo'imuterito
691 3126 864 3196 suspeutum
883 3118 963 3178 facit.

658 3211 660 3214 ’
1075 3214 1176 3272 Gnor.

527 3390 592 3490 [Χ.
624 3430 655 3492 r.
700 3427 755 3510 (Ρ.
770 3427 840 3506 37.)

116 3608 189 3666 Non
209 3617 255 3666 est
273 3605 414 3684 magister
435 3606 513 3664 ullus
532 3604 739 3665 adolescentiae

118 3703 194 3760 Tam
213 3701 291 3760 fidus
310 3711 401 3780 atque
422 3689 559 3778 diligens,
579 3709 670 3778 atque
689 3709 734 3758 est
752 3699 854 3759 Amor.

117 3796 270 3875 Equidem
290 3796 410 3875 Cupido
428 3797 543 3876 primus
562 3805 609 3854 est
628 3794 799 3864 caelestium,

118 3892 242 3953 Cunctis
262 3893 397 3970 superior
416 3901 506 3971 atque
525 3889 645 3970 majoris
664 3888 752 3969 preti.

117 3988 199 4046 Nam
219 4007 308 4046 nemo
325 3987 495 4066 repperitur
515 4005 610 4064 usque
631 3985 708 4046 adeo
730 3995 828 4056 tenax,

165 4203 241 4248 ¹tum
271 4200 406 4262 Schweigh.
421 4199 495 4248 male.

162 4278 259 4338 'quam
276 4277 396 4324 immerito
432 4273 570 4336 Schweigh.
592 4272 672 4321 deleta
692 4285 749 4319 voce
771 4269 920 4318 intermedia.
953 4271 1067 4321 Pessime.
1089 4271 1154 4321 viee
1176 4271 1258 4327 Plaut.

117 4355 191 4402 Asin.
203 4367 250 4400 111.
261 4353 284 4400 3.
298 4354 333 4401 18.
345 4361 369 4400 et
380 4351 448 4400 Men.
461 4367 495 4401 11.
506 4351 529 4399 3.
540 4351 579 4398 2⁰.
873 4356 878 4364 ·

121 4434 256 4522 amsa]
