2948 5010
179 285 254 358 '2202
538 295 770 347 vnasrouus
794 291 971 342 ulmum

183 485 229 544 Mi
251 494 345 563 pater,
369 481 462 552 uteris
483 482 541 540 illis
564 479 735 552 liberaliter,

186 579 286 658 Opem
309 578 386 636 feres
406 577 599 655 pauperibus,
620 584 650 633 et
672 582 798 652 quantos
819 581 905 650 potes

186 673 314 733 Amicos
332 671 519 750 opulentabis
538 690 574 729 ex
596 669 703 747 opibus
724 667 793 726 tuis.

186 771 267 830 Laus
285 769 350 828 haeo
372 779 533 846 perpetua:
559 778 589 825 et
609 765 634 824 si
656 763 730 842 quid
752 763 871 822 eveniat
892 781 985 830 secus,

186 865 270 924 Idem
294 863 466 941 expectabis
488 859 569 939 quod
590 869 655 918 tute
679 868 746 918 ante
765 857 879 917 feceris.

188 1095 258 1156 Tibi
280 1115 375 1155 sermo
398 1092 435 1152 de
458 1093 604 1171 pecuniis,
626 1113 694 1170 quae
717 1091 797 1150 fluxa
819 1111 874 1149 res.

187 1193 266 1250 Nam
285 1191 310 1249 si
332 1209 450 1248 manere
474 1208 561 1267 posse
581 1188 730 1266 perpetim
754 1187 837 1256 scias,

187 1289 265 1365 Age,
290 1285 409 1364 posside
431 1283 497 1342 illas
518 1283 621 1342 sedulo
642 1283 824 1342 reconditas:

188 1382 267 1439 Cave
288 1399 326 1438 ne
343 1400 392 1437 eas
414 1398 482 1437 cum
504 1378 645 1456 quopiam
667 1378 874 1436 eommunices.

190 1475 243 1535 sin
266 1494 337 1533 vero
360 1493 462 1533 earum
485 1473 547 1532 sola
570 1473 608 1532 sit
628 1492 690 1530 sors
711 1473 830 1543 arbitra,

189 1570 305 1644 Quidni
327 1570 455 1629 libenter
479 1569 604 1647 singulis
628 1569 799 1646 impertias?

189 1667 318 1745 Nanque
338 1667 403 1745 ipsa
423 1666 548 1725 forsitan
568 1665 624 1724 tibi
645 1675 761 1742 ereptas
782 1686 853 1744 opes

189 1761 323 1821 Donabit
343 1761 414 1821 olim
436 1780 496 1819 nou
517 1759 642 1818 merenti
663 1759 802 1838 cuipiam.

190 1856 373 1934 Quantisper
394 1876 466 1934 ergo
486 1854 620 1934 possides
641 1853 714 1924 haec,
734 1875 752 1912 o
771 1864 864 1933 pater,

191 1952 339 2009 Converte
360 1950 392 2010 in
413 1970 485 2009 usus
506 1949 631 2018 nobiles,
656 1968 742 2026 opem
766 1949 905 2008 omnibus

192 2045 312 2118 Ferens,
337 2045 446 2104 amieos
470 2056 560 2123 atque
582 2044 679 2102 ditans
702 2043 854 2122 plurimos.

191 2139 322 2217 Nanque
340 2139 421 2198 istud
443 2139 626 2198 immortale:
656 2139 741 2217 sique
764 2138 834 2197 olim
857 2137 986 2208 excidas,

192 2236 306 2296 Eadem
327 2237 383 2295 tibi
403 2236 473 2295 inde
497 2244 658 2314 suppetent
676 2254 797 2293 rursum
817 2235 923 2294 omnia

1065 2326 1108 2385 H.
1131 2327 1263 2386 Sraru.

193 2475 278 2535 Dicis
298 2495 379 2553 opes.
419 2474 530 2534 Dubiae
554 2483 625 2532 sunt
642 2475 698 2532 hae.
740 2474 772 2532 Si
797 2495 883 2553 posse
900 2494 1018 2534 manere

272 2569 385 2640 Credis,
406 2571 454 2646 fac
475 2589 573 2629 serves
594 2579 627 2628 tu
649 2569 704 2628 tibi
726 2570 806 2628 solus
825 2590 874 2630 eas
884 2592 894 2641 ς

195 2664 291 2725 Usum
313 2664 379 2723 aliis
402 2665 522 2734 adimas,
545 2664 743 2723 dominussis
765 2665 870 2724 unicus
891 2665 1005 2735 harum,

276 2761 388 2819 Praeter
408 2770 438 2819 te
460 2760 513 2820 has
534 2761 627 2838 possit
649 2779 737 2818 nemo
759 2770 869 2830 tenere,
894 2781 973 2820 cave.

197 2855 232 2914 si
252 2874 351 2932 neque
369 2864 404 2913 tu
426 2864 496 2913 tuus
518 2875 559 2924 es,
582 2865 652 2913 sunt
674 2864 705 2913 et
725 2865 777 2913 tua
797 2854 924 2933 relliqua
943 2856 1037 2925 sortis,

274 2951 343 3020 Cur,
365 2961 460 3028 pater,
480 2950 587 3009 harum
607 2970 695 3009 usum
714 2950 852 3029 pluribus
872 2951 1028 3013 invideas?

198 3047 288 3105 Forte
310 3045 366 3103 tibi
389 3045 453 3104 haec
474 3046 577 3104 eadem
596 3045 692 3123 rapiet
711 3048 790 3104 bona
809 3056 924 3118 cuneta,
945 3048 1064 3126 tuisque

276 3142 377 3200 Rebus
401 3142 453 3220 qui
468 3141 611 3220 indignus
635 3142 773 3219 gaudeat,
794 3142 868 3201 alter
890 3144 954 3204 erit.

198 3239 283 3316 Ergo
301 3237 362 3297 tuis
381 3237 487 3296 melius
506 3239 605 3308 rebus,
625 3247 718 3316 pater,
739 3248 842 3308 utere;
864 3239 972 3299 amicos

278 3332 409 3402 Situm,
434 3332 532 3410 sitque
553 3332 626 3390 alios
645 3342 763 3410 promta
782 3333 889 3411 juvare
908 3353 1021 3393 manus.

200 3429 328 3487 Mortem
349 3427 406 3486 hoe
426 3426 562 3505 effugiet:
591 3427 676 3504 sique
698 3426 769 3485 olim
789 3447 909 3505 pressus
931 3428 1034 3508 iniqua

279 3523 363 3581 Sorte
382 3542 460 3591 rues,
484 3522 606 3600 dignam
627 3522 723 3599 matis
742 3521 847 3582 reddet
867 3545 963 3602 opem.

1065 3621 1260 3682 Eosuomu.

592 3860 692 3926 vm.
725 3866 756 3928 a
802 3864 857 3949 (P.
875 3865 962 3947 140.)

206 4050 242 4108 In
262 4061 364 4128 aperte
384 4053 497 4115 amicus
513 4055 617 4114 melior
637 4065 683 4114 est
704 4058 859 4134 possessio,

205 4143 304 4218 Quam
323 4145 401 4206 fossa
420 4149 476 4208 sub
496 4147 620 4209 humum
641 4150 727 4228 eopia
746 4154 861 4230 argenti
882 4153 985 4216 lateus.

1158 4259 1261 4321 Gnrrr.
