2948 5010
237 286 303 354 186
591 298 820 352 vunsrouns
843 299 1017 350 nemun.

238 479 329 551 Quod
349 482 469 558 quando
488 473 612 562 agendis
630 485 721 544 rebus
740 491 785 541 est
804 481 848 540 nil
867 479 987 552 virium,

237 575 431 636 Prudentiom
451 577 503 635 illo
522 589 556 637 tu
576 578 664 660 doces
683 598 738 638 nos
757 587 961 655 tempore-4·

1109 668 1151 727 H.
1174 669 1310 728 Souris.

236 783 334 856 Quam
354 783 454 861 gravis
473 803 515 854 es,
536 783 662 856 senium,
681 786 804 845 morbus
823 783 986 862 tristisque,
1006 780 1099 869 quod,
1119 781 1238 842 absunt

293 877 363 949 Quo
382 878 470 948 vires,
491 888 594 938 cautos
612 889 747 958 tempore
766 889 801 940 tu
820 899 884 940 esse
903 879 1042 940 doces·-

1101 970 1307 1032 Euenonen.

681 1169 729 1236 11.
774 1171 830 1257 (Ρ.
846 1169 914 1251 17.)

715 1339 887 1420 Tyrannide.

235 1464 353 1528 Deinde
369 1464 479 1544 jubent
499 1465 626 1543 figulum
645 1466 717 1526 viris
738 1466 861 1544 quidem
880 1466 988 1546 poculs
1008 1465 1152 1525 conficere

233 1563 301 1633 late,
320 1562 447 1642 parietes
467 1563 565 1622 nullos
584 1562 733 1632 habentia,
757 1561 810 1638 sed
830 1563 959 1623 fundum
980 1559 1173 1630 solummodo,

234 1668 264 1717 et
281 1665 319 1718 ne
336 1668 452 1717 tantum
470 1659 593 1736 quidem
610 1668 756 1739 quantum
770 1654 883 1718 concha
899 1658 1055 1737 capientia,
1068 1656 1248 1736 gustatoriis
1261 1656 1377 1736 pocillis

352 1753 475 1824 similia3
833 1765 837 1772 '

235 1850 291 1909 sibi
314 1870 385 1909 vero
407 1849 573 1928 profundos
592 1848 707 1919 calices,
730 1849 824 1909 veluti
845 1848 993 1908 onerarias
1015 1867 1106 1908 naves

234 1946 339 2004 vinum
362 1941 512 2016 vehentes,
533 1927 687 2013 rotundos,
708 1954 822 2013 tenues,
845 1944 877 2002 in
897 1943 998 2002 medio
1018 1951 1181 2002 ventrosus.
1362 1951 1377 2002 5

236 2040 329 2100 Haud
350 2040 535 2100 inconsulto:
558 2039 611 2098 sed
632 2060 649 2098 e
669 2039 834 2118 longinquo
855 2039 1072 2118 prospicientes

235 2148 346 2208 contra,
368 2146 403 2195 ut
420 2136 482 2194 vini
503 2135 677 2213 plurimum,
705 2135 791 2215 cujus
814 2138 851 2194 ab
875 2135 934 2195 illis
955 2135 1030 2195 ratio
1050 2154 1110 2193 non
1131 2141 1290 2212 potorum,
1312 2155 1378 2213 pos·

350 2231 410 2290 sint
431 2231 560 2290 ebibere.
832 2305 836 2313 ¹

234 2327 352 2387 Deinde
374 2346 444 2386 cum
464 2324 529 2383 illas
546 2326 711 2404 culpemus,
733 2327 838 2386 vinum
859 2328 897 2387 ab
918 2327 961 2385 eis
984 2323 1075 2392 ebibi,

235 2422 375 2483 conviciis
405 2440 459 2479 nos
484 2421 689 2498 proscindunt,
716 2422 880 2502 jurantque
909 2419 1028 2480 nonnisi
1057 2436 1152 2476 unum
1187 2436 1221 2476 se
1245 2418 1378 2478 ebibisse

350 2518 479 2578 calicem.

235 2615 278 2673 At
298 2614 348 2674 illc
370 2633 448 2672 unus
468 2613 564 2691 pluris
587 2624 632 2673 est
654 2634 743 2692 quam
764 2613 846 2674 mille
866 2611 981 2690 pocula.
1346 2619 1379 2670 1⁰

1094 2701 1293 2762 Sonwsson.

637 2919 703 2986 111.
749 2925 778 2985 1.
825 2917 966 3004 (ura)

717 3085 883 3152 Metallics's.

234 3218 273 3277 A.
312 3216 434 3278 Divitiis
455 3217 554 3280 omnis
572 3217 617 3278 ibi
635 3218 804 3297 promiscue
822 3221 973 3282 cumulate
990 3227 1084 3287 erent,

233 3315 380 3392 bonisque
401 3314 539 3373 omnibus
561 3313 667 3392 quovis
687 3314 777 3373 modo
798 3315 990 3376 abundantis.

234 3412 315 3470 Nam
335 3429 436 3469 amnes
455 3409 539 3487 pulte
559 3409 707 3487 nigroque
725 3409 794 3488 jure
815 3410 897 3488 pleni

233 3527 288 3585 per
310 3506 372 3564 vias
394 3513 516 3565 cunctos
537 3504 670 3566 fluebant
691 3516 921 3576 murmurantes,

235 3622 305 3662 cum
324 3600 397 3680 ipsis
418 3599 622 3660 cochlearibus
643 3610 673 3660 et
693 3620 806 3678 panum
825 3601 979 3672 frustulis3

234 3710 270 3757 ut
291 3697 378 3757 facile
399 3716 511 3774 sueque
534 3706 643 3775 sponte¹
659 3696 717 3755 offa

234 3792 356 3870 pinguis
377 3791 570 3852 descenderet
591 3801 776 3851 mortuorum
796 3793 829 3851 in
849 3791 960 3870 gulam.

235 3887 315 3946 Tum
334 3886 477 3946 lucanica
498 3896 528 3945 et
551 3886 697 3945 ferventia
719 3886 859 3948 hillarum
880 3888 984 3958 frusta,

236 3993 400 4043 ostreorum
421 3983 495 4055 vice,
518 4003 613 4064 prope
635 3981 742 4044 fluvios
763 4003 865 4062 sparsa
885 3984 1059 4046 suidebmt

237 4077 431 4156 Aderantque
452 4078 580 4157 piscium
600 4087 677 4138 tosta
698 4080 795 4156 cybia,
1185 4135 1189 4142 ,
1346 4093 1379 4146 lo

236 4171 415 4232 sdmmentis
438 4173 604 4251 omnigenis
624 4175 716 4250 probe
740 4174 888 4252 adparata

239 4267 384 4328 Proxime
404 4281 487 4329 erent
506 4270 629 4347 integre
650 4289 750 4346 perne
771 4269 937 4330 unerfime

1137 4370 1374 4462 [sermnem
