2948 5010
457 307 701 359 ‚vnnfflonns
724 311 897 360 LATINAE.

110 479 285 544 Toleramus
305 507 393 565 aegre.
421 499 482 547 tam
501 491 619 570 ingrato
631 492 760 571 'ingenio
780 494 931 554 sumus.-

109 577 232 638 —Vitae
252 582 363 660 cupido
382 586 509 645 maxime
529 597 623 646 tentat
643 589 750 648 senes¹.
787 635 788 641 ι

109 801 165 862 Me
184 816 302 883 tempus
321 805 498 880 incurvavit,
519 805 601 869 haud
615 795 704 871 'faber
724 815 829 884 bonus,

110 895 279 957 Infirmiora
299 900 351 959 sed
370 903 442 961 facit
462 904 543 980 quod
562 903 710 965 omnia-'-
859 909 860 914 ’

109 991 230 1065 -Mihi
250 1006 432 1055 senectutem
452 998 567 1076 objicis,
587 1001 701 1077 grande
720 1014 755 1061 ut
774 1003 895 1074 malum,

111 1086 182 1158 Qua
200 1109 261 1148 non
279 1091 402 1169 potitus,
423 1105 518 1153 morte
537 1096 698 1156 muletatus
717 1099 785 1158 fuit.

111 1181 212 1254 Quam
231 1186 369 1262 cupimus
390 1207 501 1259 omnes,
522 1191 698 1269 consequuti
719 1213 810 1270 quam
828 1203 937 1264 tamen,

111 1275 267 1337 Dolemus.
295 1280 447 1360 ingratum
466 1304 562 1362 genus
581 1286 655 1346 adeo
675 1308 786 1346 sumus.

111 1370 191 1431 Nam
209 1374 310 1434 nullus
329 1376 404 1436 adeo
424 1380 552 1459 cupidus
572 1391 617 1440 est
636 1381 706 1441 vitae
725 1393 761 1442 ut
780 1402 877 1442 senex.
937 1435 941 1442 ,

959 1478 960 1482 ’
986 1480 1027 1538 Η.
1049 1477 1189 1540 Sanun.¹

111 1622 151 1636 -
172 1592 288 1671 Objieis
307 1591 364 1654 hoo
383 1597 498 1655 senium
519 1597 603 1674 quasi
622 1619 719 1676 poenae
739 1600 868 1671 nomine,
889 1600 975 1680 cujus

174 1687 335 1766 Partieipes
354 1691 464 1750 multos
483 1712 563 1750 mors
582 1693 682 1771 gravis
703 1714 766 1753 esse
786 1705 876 1754 vetat.

112 1781 225 1842 Omnes
244 1784 277 1842 id
297 1786 443 1864 cupimus,
464 1787 514 1846 vix
534 1788 607 1847 dum
628 1788 770 1848 deflemus
789 1790 898 1870 adepti,

173 1877 233 1938 Sed
252 1881 338 1950 male,
360 1901 429 1943 cum
448 1883 533 1941 malit
551 1883 652 1944 vivere
671 1905 759 1944 nemo
780 1907 860 1947 sene.

981 1982 1167 2042 Euuuonrn.

504 2470 851 2540 PHEREORATES.

493 2667 495 2670 ’
579 2673 606 2740 Ι.
652 2673 707 2762 (Ρ.
724 2673 791 2758 15.)

115 2853 143 2912 Ο
163 2874 253 2931 quam
273 2865 408 2914 senectus
427 2854 519 2914 tristis
538 2874 570 2913 es
589 2854 763 2913 mortalibus

116 2947 156 3008 Et
174 2950 305 3022 taediosa,
326 2951 374 3010 vel
394 2953 432 3010 ob
452 2950 509 3010 hoc
529 2960 638 3028 praeter
658 2960 773 3021 caetera,

116 3047 206 3120 Quod
226 3067 294 3107 cum
314 3047 456 3108 deliciunt
475 3048 553 3106 vires
573 3067 607 3106 ac
628 3047 757 3106 valentia

116 3141 296 3221 Sapientiam
315 3153 380 3201 tum
399 3143 530 3220 primum
550 3163 604 3202 nos
624 3142 745 3201 dootum
765 3143 897 3202 venis.-

114 3236 278 3296 —Frustra
296 3257 344 3296 me
363 3237 458 3296 aetatis
476 3236 537 3296 huc
553 3237 617 3316 jam
636 3248 811 3314 provectum
830 3238 934 3298 incitas

117 3333 159 3391 Ut
179 3351 226 3390 me
246 3332 361 3391 tricosis
380 3331 686 3410 implicem-negotiis.

116 3426 183 3504 Ego
202 3445 250 3484 me
270 3446 338 3485 cum
358 3425 492 3485 florerem
512 3425 596 3484 annia
616 3426 877 3504 praeviridantibus

116 3521 225 3602 Sapere
246 3523 388 3600 putabam
408 3521 559 3600 insipiens,
579 3532 610 3581 et
630 3542 758 3604 quaeque
777 3533 812 3582 ut
830 3523 905 3582 mihi

112 3619 154 3678 ¹Se
174 3618 263 3678 dabat
282 3619 314 3677 in
333 3629 464 3678 mentem
483 3633 530 3676 res
550 3617 699 3695 extemplo
717 3628 781 3680 erat
800 3619 833 3677 in
852 3637 959 3679 manu:

116 3717 207 3776 Nunc
227 3735 329 3794 sapere
349 3715 423 3774 mihi
443 3714 578 3774 coneedit
598 3715 708 3773 extima
726 3715 837 3774 aevitas.

117 3920 145 3979 0
165 3940 254 3998 quam
275 3929 409 3979 senectus
429 3939 461 3978 es
479 3919 580 3998 gravis
600 3919 783 3989 mortalibus,

117 4017 156 4075 Et
176 4036 266 4094 qnam
284 4016 409 4076 molesta
427 4016 558 4094 ubique:
580 4036 615 4075 eo
634 4015 683 4075 vel
702 4015 830 4085 nomine,

162 4192 168 4220 ¹
214 4191 296 4240 Aliter
312 4191 426 4240 Grotiusz

350 4286 442 4332 Amore
457 4285 530 4332 ultam
545 4299 612 4333 armo
627 4285 685 4345 plus
699 4284 797 4332 sanitas
811 4283 877 4332 solat.

116 4365 510 4464 omunsss-annuaonnsns]
