2948 5010
443 350 674 399 VERSIONES
698 349 870 400 LATINAE.

408 623 720 691 PHOENIOIDES.
767 624 824 710 (Ρ.
840 623 906 707 95.)

89 815 163 874 Non
182 838 304 896 possum
325 820 416 880 vitam
436 821 546 880 ducere
565 820 642 879 hauc
662 818 868 886 meretriciam,

89 907 142 968 Ita
160 932 209 972 me
228 914 332 974 Venus
351 926 439 984 amet,
461 915 604 994 Pythias:
625 934 680 973 nec
701 914 751 973 dic
772 912 856 982 mihi,

88 1003 241 1084 Disperii:
266 1009 341 1068 nihil
364 1011 397 1069 id
419 1011 457 1069 ad
480 1009 652 1089 me,‚cupio
672 1009 821 1068 absistere.

90 1101 218 1162 Amator
239 1106 355 1184 primus
376 1107 485 1184 obtigit
505 1107 589 1165 miles
612 1104 704 1163 mihi:

91 1193 126 1253 Is
145 1198 220 1256 mihi
239 1204 378 1261 narrabat
396 1222 514 1280 pugnas
532 1201 703 1266 liberaliter,

92 1290 136 1348 Et
158 1295 283 1355 vulnera
303 1298 486 1356 ostentabat:
507 1297 561 1356 sed
583 1297 673 1356 dabat
696 1294 778 1353 nihil.

93 1385 208 1448 Multas
227 1411 245 1449 a
264 1391 348 1469 Rege
368 1412 400 1451 se
419 1392 554 1452 retulisse
574 1391 685 1470 gratias

94 1482 291 1557 Memorabat,
311 1498 449 1565 repetens
469 1487 526 1547 boc
545 1485 709 1546 identidem
728 1485 812 1552 mihi,

95 1576 139 1635 Et
158 1592 281 1658 propter
300 1580 364 1641 illas
384 1603 459 1660 quas
478 1584 617 1642 narrabat
635 1581 745 1658 gratias

95 1672 209 1732 Totum
232 1676 289 1735 sibi
312 1696 422 1736 annum
446 1697 494 1736 me
511 1677 646 1738 ductavit
664 1676 784 1753 gratiis:

94 1767 199 1840 Quare
218 1771 298 1831 hunc
318 1773 434 1852 reliqui.
454 1772 583 1850 glorioso
602 1772 689 1830 militi

96 1863 247 1925 Successit
267 1868 409 1938 medicus,
431 1869 541 1927 multos
562 1868 615 1946 qui
636 1867 783 1946 quottidie

97 1957 213 2020 Urebat
234 1973 263 2022 et
286 1965 412 2034 secabat,
433 1983 548 2041 pauper
568 1963 710 2034 carnifex,

96 2055 161 2128 Qui
174 2057 258 2120 ,mihi
280 2059 376 2118 multo
398 2059 450 2117 illo
469 2059 551 2118 visus
575 2068 620 2118 est
641 2059 803 2118 crudelior:

99 2153 248 2212 Narrabat
267 2153 318 2212 illa
337 2154 420 2230 quod
438 2154 489 2213 hic
508 2155 638 2214 faciebat
659 2153 770 2214 sedulo.

98 2248 234 2307 Fortuna
253 2248 374 2307 tertium
394 2248 468 2307 mihi
488 2248 572 2309 dedit
590 2248 813 2327 philosophum,

98 2344 157 2402 cui
177 2343 301 2422 pallium
321 2353 384 2402 erat
403 2354 434 2402 et
452 2344 545 2403 barba
564 2355 595 2403 et
615 2364 783 2403 sermonum
803 2343 887 2402 satis:

99 2439 182 2498 Tum
201 2459 272 2499 vero
292 2439 325 2497 in
344 2439 577 2499 manifestarium
598 2439 689 2498 incidi
709 2440 833 2499 malum:

102 2537 181 2594 Nam
203 2536 279 2595 nihil
299 2546 362 2596 erat
382 2536 464 2616 quod
484 2537 577 2604 daret,
599 2546 629 2594 et
649 2537 673 2593 si
695 2536 769 2613 quid
788 2556 950 2614 poscerem,

103 2631 233 2691 Pecunia
252 2651 313 2689 non
333 2641 378 2691 est
396 2632 520 2701 bonum,
540 2631 597 2688 ait:
620 2631 701 2707 quod
721 2631 745 2688 si
766 2631 905 2701 dicerem,

102 2727 186 2805 Ergo
207 2727 319 2786 malum
338 2727 415 2785 illud
431 2726 554 2805 projice,
575 2725 698 2784 audibat
717 2725 801 2784 nihil.

102 2942 182 3002 Volo
202 2942 320 3020 aedepol
338 2942 535 3002 meretriciam
554 2942 632 3002 hanc
651 2953 745 3001 artem
764 2961 860 3001 meam

104 3041 256 3112 Desinere,
277 3038 410 3118 Pythias.
431 3038 535 3098 valeat.
555 3039 619 3117 ipsa
640 3038 750 3099 videris
759 3040 777 3109 ¹,

101 3137 181 3209 Quae
204 3147 292 3196 nacta
312 3135 351 3194 sis
372 3145 480 3195 sortem
499 3137 617 3194 bonam.
639 3135 713 3212 quid
732 3156 781 3196 me
800 3136 857 3195 hoc
873 3136 983 3214 juvat?

106 3233 197 3291 Plane
216 3233 289 3292 huic
307 3231 376 3290 volo
395 3231 450 3290 arti
471 3232 610 3291 nuntium
630 3232 787 3292 remittere

104 3327 236 3406 Nanque
254 3329 387 3408 profiteri
407 3327 484 3405 coepi
505 3347 570 3386 eam
590 3347 651 3404 quo
670 3337 812 3406 tempore,

104 3424 286 3502 aquodam
309 3423 401 3482 amari
425 3421 551 3499 contigit
572 3442 620 3480 me
641 3422 744 3492 milite,

106 3522 167 3594 Qui
186 3521 342 3599 jactitabat
366 3539 460 3597 uaque
485 3529 515 3576 et
535 3538 630 3596 usque
654 3519 765 3596 praelia,

151 3700 158 3727 ¹
176 3699 229 3747 “si
247 3699 302 3760 quis
317 3698 464 3760 simpliciore
480 3697 524 3744 illa
541 3697 734 3758 interpretatione
749 3706 873 3746 contentus
890 3713 938 3746 non
956 3709 1000 3762 est,
1019 3705 1045 3750 in
1065 3718 1112 3764 qua
1131 3719 1179 3752 non
1200 3720 1241 3754 ex·

106 3851 131 3896 in
148 3865 197 3910 qua
210 3849 272 3896 mihi
287 3849 385 3910 permisi
399 3863 430 3896 ex
445 3863 494 3896 uno
511 3848 595 3896 Greco
610 3861 678 3896 versu
694 3847 754 3895 duos
770 3847 870 3898 Latinos
886 3849 975 3915 facere)

282 3952 343 3999 Non
357 3951 463 4013 amplias
477 3949 636 3998 manuam
651 3950 700 4011 (ita
721 3951 802 3998 Vacua
816 3965 853 3999 ma
867 3953 944 4013 ornet)

281 4029 544 4090 Maretrieiamortam
552 4027 671 4087 swtitara
686 4033 715 4074 at
728 4033 810 4076 antea

108 4104 178 4153 'l'une
193 4113 273 4153 eutem
289 4105 373 4153 tertius
388 4112 450 4153 esset
464 4103 513 4166 hic,

282 4180 333 4228 Ars
348 4181 392 4228 illa
407 4180 495 4242 vebat,
513 4179 624 4240 Pythias.
636 4180 695 4240 ,ipsu
711 4179 807 4226 uideris.

107 4255 213 4316 Quartus
227 4264 307 4306 autem
323 4265 347 4304 et
362 4265 496 4318 requenter,
512 4255 595 4316 quales
610 4255 710 4317 supra.”

907 4329 943 4379 Η.
958 4330 1065 4378 Sarra.

109 4415 320 4502 rumuromaa]
659 4416 702 4478 14
