2990 5010
205 375 270 438 110
372 384 620 435 comconun
643 381 877 432 onncoauu
899 379 1163 430 annonarum.

263 567 270 595 ¹
293 565 406 624 Primos
432 575 559 644 quatuor
589 581 691 623 versus
716 573 858 640 tanquam
884 558 1064 638 Antiphanis
1090 558 1162 618 citat
1188 555 1341 614 Stoboeus.

205 661 282 720 Vide
296 677 385 740 supra
391 659 572 740 Antiphmis
586 659 705 736 Fragm.
721 659 759 716 X.
793 657 888 717 Simili
901 655 988 716 initio
999 656 1094 714 utitur
1108 652 1212 713 Alexis
1218 650 1341 710 Athen.

205 757 294 816 XIII.
306 777 336 836 p.
351 756 416 818 562.
430 755 464 814 F.
497 758 538 811 ‘ris
561 752 625 834 οθχὶ
646 751 728 830 φήσει
755 751 819 811 roris
844 750 964 833 ε’ροῖνταε
991 750 1041 829 ζήν
1063 747 1175 823 μόνοννς
1197 744 1273 827 izin
1302 769 1342 819 γε

207 855 320 935 πριθτον
339 851 387 928 μὲν
408 879 431 910 κ.
446 878 474 909 τ.
489 863 516 908 λ.

263 977 275 1006 ¹
294 975 371 1034 Vide
390 991 479 1052 supra
498 972 537 1032 ad
557 972 692 1032 Alexidis
706 973 823 1050 Fragm.
839 971 880 1032 ΙΙ.
893 991 922 1030 n.
939 978 964 1029 l.

264 1091 399 1174 ’ἕτερον
420 1091 438 1163 ti
459 1093 600 1151 Stobaeus.
648 1093 696 1152 De
718 1091 846 1151 formula
868 1088 943 1150 odida
967 1089 1040 1148 ἄλλο
1063 1085 1136 1158 πλήν
1160 1087 1229 1146 vide
1255 1085 1342 1144 infra

206 1191 245 1250 ad
258 1188 439 1249 Philemonis
452 1188 572 1267 Fragm.
585 1188 625 1246 V.
639 1208 668 1246 n.
684 1195 729 1248 18.

265 1313 277 1342 ⁴
296 1311 429 1370 Correxit
438 1311 638 1370 casaubonus.
665 1310 768 1388 Vulgo
778 1310 842 1391 ἐρεῖ,
856 1309 937 1388 quod
949 1309 1077 1370 retinent
1090 1307 1245 1376 Morelius,
1257 1305 1340 1363 Gro-

206 1408 276 1477 tius,
291 1416 321 1466 et
334 1405 507 1484 Walpoiius,
525 1406 674 1484 quodque,
691 1417 725 1465 ut
745 1406 819 1465 mihi
839 1406 960 1486 quidem
979 1404 1106 1475 videtur,
1127 1402 1209 1461 haud
1222 1412 1340 1460 temere

208 1501 414 1562 solicitandum
430 1511 481 1561 est
522 1503 638 1579 Nempe
661 1501 792 1560 clausula
811 1501 843 1584 οὗ
863 1503 922 1560 νοῦν
941 1497 999 1581 ἔχιν
1021 1498 1090 1579 τρδι
1111 1500 1167 1556 τοῖν
1181 1498 1265 1567 dedu
1285 1495 1338 1555 lu·

207 1596 286 1656 nulis
303 1596 482 1656 includenda
496 1605 550 1666 est,
571 1617 631 1674 quo
647 1607 727 1655 reete
742 1605 849 1675 pergat
867 1597 970 1655 oratio.
997 1595 1121 1673 Alioqui
1138 1592 1273 1671 trajectio
1289 1601 1340 1651 est

208 1691 373 1752 durissima.
413 1691 553 1750 Ceterum
572 1691 645 1760 colo,
666 1700 734 1769 post
751 1690 840 1771 κόρην,
858 1691 955 1770 figunt
975 1691 1120 1750 Morelius
1138 1699 1169 1750 et
1182 1688 1316 1746 Grotius.

267 1811 277 1845 ⁵
296 1814 409 1874 Versus
424 1813 452 1874 6.
472 1824 502 1872 et
517 1822 543 1881 7.
565 1813 603 1871 ad
624 1812 704 1872 hune
724 1813 847 1871 modum
864 1813 1021 1883 breviatos,
1037 1813 1129 1892 inque
1150 1831 1244 1871 unum
1264 1827 1340 1870 con-

208 1920 326 1982 tractos,
346 1909 466 1969 exhibet
481 1908 603 1968 Grotius
616 1908 690 1967 Exc·
704 1929 733 1987 p.
748 1916 814 1976 707.
847 1908 943 1966 araride
961 1913 1053 1978 καλήν,
1075 1905 1182 1982 μεγέθει
1202 1905 1337 1980 μεγάλην,

208 2005 294 2088 τέχνῃ
321 2004 420 2078 σοφήν.
461 2003 521 2062 Sed
542 2003 681 2063 mendam
703 2003 813 2062 exemit
837 2003 869 2062 in
895 2004 1019 2063 Erratis.
1058 2003 1188 2063 Versum
1209 2013 1236 2071 7.
1263 2003 1339 2062 citat

209 2101 343 2162 Eustath.
363 2101 402 2160 ad
420 2099 478 2160 Od.
493 2100 525 2158 Z.
541 2099 605 2162 168.
620 2119 650 2179 p.
667 2108 750 2162 1558.
766 2109 811 2162 14.
832 2103 918 2161 Rom.
931 2127 969 2155 =
980 2123 1010 2182 p.
1024 2101 1091 2162 256.
1109 2099 1155 2161 26.
1185 2101 1251 2159 Bas.
1270 2121 1336 2160 mo-

209 2210 307 2270 nente,
320 2208 388 2278 post
401 2197 576 2266 Poraonum‚
590 2191 755 2256 Dindorflo.
795 2197 840 2256 Cf.
855 2197 946 2256 Hom.
960 2197 997 2258 11.
1010 2200 1047 2257 Α.
1063 2203 1128 2258 115.

264 2317 277 2350 ⁸
297 2317 432 2378 Correxit
454 2315 602 2375 Burneius
621 2315 702 2394 apud
723 2317 924 2376 Gaisfordium
945 2314 1110 2397 adaEurip.
1128 2316 1234 2396 Suppi
1250 2325 1337 2377 1101.

209 2412 252 2475 Et
273 2416 315 2475 sic
330 2412 504 2492 Walpoiius,
527 2411 584 2469 nisi
608 2411 690 2489 quod
708 2410 785 2470 ἔστιν
806 2412 904 2472 habet
944 2412 1020 2472 Vide
1042 2433 1131 2492 supra
1152 2413 1191 2471 ad
1212 2412 1335 2471 Phoeni·

209 2510 283 2572 cidae
297 2511 415 2588 Fragm.
429 2527 458 2566 n.
472 2516 498 2568 5·
516 2543 520 2552 ·
539 2505 658 2585 Vulgo:
685 2505 717 2577 ήν
739 2507 801 2565 ἰδεῖν
820 2505 991 2578 ήδιονὲστῖν.
1029 2508 1061 2578 ήν
1080 2507 1154 2579 ήδιον
1171 2507 1233 2567 ideis
1249 2507 1335 2578 ἐστὶν,

209 2614 394 2685 repugnante
413 2612 517 2672 metro,
542 2603 686 2662 Canterus
706 2604 783 2662 Nov.
805 2604 887 2663 Lect-
908 2603 962 2661 IV.
984 2612 1011 2663 5.
1039 2624 1128 2682 quem
1149 2603 1242 2663 secuti
1265 2613 1336 2662 sunt

209 2701 405 2761 casaubonus
418 2709 449 2757 et
462 2697 593 2757 Grotius.

269 2823 280 2856 ⁷
300 2830 318 2857 “
327 2820 454 2903 θεωρικόν
470 2835 516 2882 est
534 2820 657 2903 ρνοιιιιίο
678 2840 741 2900 quoe
756 2820 868 2899 publice
889 2819 1075 2892 diuidebatur,
1096 2829 1126 2880 at
1143 2821 1277 2883 haberent
1296 2831 1336 2882 te·

212 2918 324 2976 naiores
342 2918 416 2976 unde
437 2919 517 2977 lucar
536 2917 715 2997 penderent.”
749 2917 923 2974 Csssuuou.
964 2917 1152 2995 Hesychius:
1188 2917 1335 3000 θεωρικόν.

208 3011 347 3095 α’ργθριον,
369 3011 407 3069 ud
425 3018 459 3072 eis
486 3013 552 3072 θεοῖν
576 3009 657 3084 τιμήν
683 3009 727 3068 καὶ
748 3009 848 3091 ἑορτήν
873 3008 1017 3084 διδόμενον,
1038 3012 1150 3093 θεωρίας
1175 3011 1262 3086 ἕνεκα,
1282 3015 1336 3074 τοῦ

211 3110 255 3169 καὶ
281 3106 345 3166 rode
371 3103 489 3176 πένητας
513 3104 644 3189 μετέχειν
669 3105 724 3164 τοῖν
743 3106 868 3186 θεινριιθν.
896 3106 939 3164 καὶ
965 3106 1060 3166 πάντα
1086 3106 1127 3165 τιν’
1147 3108 1334 3183 διανεμόμενον,

209 3202 326 3287 demptura*
350 3199 474 3275 ἕλε’γετο.
516 3203 653 3262 Photius:
680 3199 818 3282 Θεωρικθν
838 3201 882 3259 aui
900 3201 1028 3284 θεωρικήι
1050 3201 1194 3284 Ἀθήνῃσιν
1210 3202 1243 3274 ήν
1262 3205 1335 3286 χρή-

210 3328 291 3376 ματα
317 3297 401 3369 κοινθ,
426 3297 447 3355 d
471 3295 587 3380 θειορικθ
610 3295 749 3365 ε’κινλεῐτο,
776 3293 900 3368 διδόμενα
927 3304 985 3356 τοῖς
1009 3296 1161 3367 Ἀθηναίων
1187 3306 1222 3359 eis
1246 3301 1335 3360 διανο-

211 3398 272 3473 μήν.
314 3396 412 3457 Idem:
439 3391 577 3474 Osoprxd:
605 3390 633 3451 ἐν
650 3398 710 3450 ταῖς
728 3388 885 3466 λεγομέναις
905 3395 1060 3452 Διονυσίαιι
1079 3395 1210 3476 θεωρίαις,
1227 3395 1336 3472 α’γιὶνννν

211 3489 379 3568 τελουμένων
398 3491 561 3568 φιλοτίμων,
578 3486 719 3562 συνέβαινε
739 3487 812 3546 mdc
827 3491 883 3546 τιῧν
897 3488 1019 3547 τολιτνῖν
1035 3495 1069 3547 eie
1085 3489 1176 3569 θβρειν
1193 3491 1237 3549 καὶ
1250 3493 1336 3574 τριτό-

213 3615 293 3664 ματα
314 3583 500 3667 διαφέρεσθαι·
527 3581 623 3663 ἔδοξεν
648 3581 694 3641 oin
715 3591 770 3643 τινῖ
793 3581 873 3658 δήμιοι
899 3579 995 3656 μηκέτι
1022 3589 1123 3666 πμοῖκα
1147 3585 1265 3666 θεωρεῖν
1291 3587 1336 3648 εἐ·

210 3687 326 3760 μισθοῦν
348 3682 377 3742 δὲ
402 3689 463 3740 ταῖς
488 3677 558 3740 θέαις
579 3679 644 3738 roris
666 3679 780 3740 τόπους·
804 3679 1055 3755 τλεονεκτονμένιον
1075 3679 1103 3740 δὲ
1125 3682 1182 3741 τνῖν
1202 3683 1335 3758 τενήτινν,

210 3780 257 3840 ira*
279 3778 317 3839 τθ
339 3777 436 3860 ῥᾳδίων
460 3783 518 3834 τοῖς
545 3780 684 3834 πλουσίοιν
708 3781 833 3836 πλείονος
856 3779 934 3850 τιμήν
957 3779 1047 3836 τοῦτο
1067 3779 1198 3852 γίνεσθαι,
1224 3779 1335 3860 ἐψηφί-

211 3903 304 3936 ιναντο
326 3875 371 3936 e'rri
389 3873 515 3954 δμαχμηΐ
532 3871 575 3929 soi
594 3868 678 3944 μόνον
698 3869 764 3932 εἶναι
790 3870 829 3930 τιν’
850 3875 964 3946 τίμημα·
993 3873 1120 3954 θεωρικθν
1145 3874 1230 3946 adrui
1246 3874 1336 3937 θέντεε

210 3971 309 4044 ὄνομα.
350 3969 426 4043 Quae
448 3969 539 4028 verba
557 3967 712 4046 exscripsit
734 3967 850 4027 Suidas.
891 3969 962 4028 Mox
981 3973 1115 4042 αἰτοῦσιν,
1133 3991 1190 4050 pro
1212 3969 1335 4054 ἔχουσιν,

212 4066 333 4145 conjicit
356 4064 572 4143 Daiecampius‚
592 4062 644 4142 qui
663 4073 693 4122 et
717 4063 785 4135 ν’μῖν,
803 4082 860 4142 pro
882 4063 1025 4124 librorum
1044 4065 1168 4126 lectione
1185 4067 1256 4140 ἡμῖν,
1271 4067 1335 4148 jem

210 4172 281 4224 ante
293 4161 431 4222 Grotium
445 4161 573 4224 dederat
614 4159 690 4218 Vide
703 4178 792 4239 supra
804 4155 842 4216 ed
857 4157 1015 4221 Nicostrati
1029 4161 1146 4242 Fragm.
1159 4183 1188 4222 n.
1202 4171 1229 4223 2.
