3060 5030
568 329 841 384 surrananas.
1114 353 1115 360 υ
1239 323 1283 392 59

144 515 188 585 ιιΤν
210 525 284 584 nihil
307 525 389 586 aliud
408 523 521 583 fuerint
541 547 631 604 quarn
652 527 753 586 finales
774 530 827 584 τοῦ
846 526 986 600 κλιμάκιον
1009 529 1153 606 repetitae,
1175 529 1280 588 ultima

145 639 244 686 autem
259 629 371 706 syllaba
386 649 422 689 ex
439 619 474 689 κα
489 628 520 686 in
541 627 697 699 Κατανειῗο,
718 630 756 688 ob
772 628 1006 699 similitudinem,
1024 629 1183 688 refluxerit
1225 632 1280 690 Est

144 735 242 781 autem
261 720 400 783 κονδύλους
419 723 555 784 τλάττειν
572 724 617 803 (in
632 745 692 803 qua
708 715 857 784 locutione
872 723 958 783 haesit
977 723 1280 803 Schweighaeuserur)

143 817 164 875 i.
179 839 207 896 q.
223 827 404 900 χειρονομεῖν.

145 937 147 944 ’
222 922 234 953 ¹
252 920 343 1003 φέρειν
361 923 410 982 τιν’
427 924 528 1006 ἄραιτ’
546 935 629 984 verte
646 923 790 1002 Anglioe:
812 932 840 984 to
853 925 922 984 hear
943 945 1000 1004 any
1020 945 1072 984 one
1090 925 1166 1004 right
1183 945 1277 1006 away.

144 1015 330 1095 Aristophon
343 1017 416 1078 ibid.
435 1019 469 1080 Β.
483 1022 516 1079 C.
538 1019 580 1078 iet
589 1017 639 1079 τιν’
651 1016 776 1100 ἅρασθαι
795 1019 881 1091 με’σον
900 1019 905 1098 Ι
927 1023 985 1079 τοῖν
998 1017 1209 1102 παροινούντων,
1224 1044 1280 1080 πα-

143 1110 265 1182 harentia
284 1111 396 1184 νόμισον
412 1114 540 1196 Ἀργεῖόν
558 1115 584 1190 μ’
604 1116 684 1196 ὁρᾶν.
719 1114 771 1175 ubi
788 1113 921 1173 Ἀνταῖον
939 1115 1062 1194 conjicit
1081 1117 1246 1177 Jacobsius.

222 1217 233 1248 ³
258 1217 345 1276 Μνῖαι
368 1219 470 1299 jocose
497 1221 658 1281 audiebant
685 1221 811 1280 invocati
833 1221 984 1280 conviva.
1032 1221 1113 1281 Vide
1129 1221 1239 1282 Athen.
1253 1222 1279 1281 I.

142 1311 174 1390 p.
190 1319 218 1370 4.
233 1303 274 1372 F.
287 1324 318 1373 et
337 1335 367 1392 p.
381 1308 461 1375 5.Ἀ.
503 1315 599 1375 Plaut.
614 1316 710 1375 Mero.
728 1315 770 1373 11.
786 1324 814 1375 3.
829 1315 877 1376 26.
912 1315 1015 1375 Musca
1035 1325 1076 1374 est
1095 1337 1172 1376 meur
1185 1324 1279 1397 pater,

142 1405 185 1465 nil
200 1416 291 1488 potest
311 1409 383 1468 clam
404 1410 481 1469 illum
501 1410 608 1470 haberi.
637 1410 688 1468 nbi
711 1410 749 1469 de
762 1411 869 1490 ,seipso
889 1410 1022 1488 loquitur
1043 1410 1199 1489 parasitus.
1232 1414 1278 1472 cf.

141 1513 174 1562 et
195 1503 276 1562 Poen.
290 1503 351 1562 111.
365 1513 393 1566 3.
409 1504 456 1575 76.
468 1513 515 1572 77·
557 1505 639 1566 Hinc
659 1505 788 1583 parasito
809 1506 920 1565 Moscae
939 1525 1048 1564 nomen
1075 1505 1185 1567 indidit
1204 1510 1278 1569 Jon-

142 1600 232 1656 ¹sonus
252 1598 283 1655 in
302 1599 405 1658 fabula
423 1599 566 1677 inscripta
590 1599 711 1679 Volpone
729 1621 762 1659 or
781 1601 827 1659 the
846 1601 917 1658 Fon.

220 1694 231 1722 ⁴
251 1692 458 1764 “Quod-ait,
479 1693 518 1764 aa*
535 1692 666 1776 ἐξελθεῖν,
682 1691 789 1775 φρέαρε
815 1695 846 1752 id
861 1695 949 1773 quale
968 1695 1006 1753 sit
1024 1696 1118 1755 fateor
1134 1699 1279 1757 nonsatis

141 1787 362 1866 liqueremihi.
403 1790 472 1849 An:
495 1789 536 1850 sic
556 1810 613 1868 ego
634 1790 705 1848 vino
724 1809 772 1849 me
791 1790 955 1868 ingurgito,
976 1802 1011 1849 ut
1031 1791 1055 1850 si
1077 1791 1144 1869 quis
1162 1792 1194 1850 in
1220 1813 1277 1872 pu-

141 1893 224 1941 teum
253 1883 368 1954 incidit,
397 1904 500 1963 equo
529 1905 589 1943 non
617 1884 705 1943 datur
734 1884 851 1943 exitus?
891 1875 942 1944 An
971 1885 1009 1945 de
1037 1885 1149 1968 ἀργυρᾷ
1164 1885 1278 1968 ’φρέατι

141 1977 344 2056 cogitandum,
367 1978 453 2058 cujus
476 1979 588 2038 mantio
610 1980 689 2038 facta
712 1979 762 2038 lib.
777 1981 813 2038 V.
833 2000 863 2058 p.
881 1989 945 2051 192.
960 1981 1021 2040 A.?
1072 1979 1279 2044 Adnotaverat

140 2071 181 2131 ad
209 2071 407 2134 hunc'locum
435 2072 577 2134 Dutheil:
629 2075 726 2132 ‘Poar
747 2095 781 2134 ne
803 2073 884 2154 point
903 2071 999 2145 sortir,
1013 2075 1051 2153 je
1069 2074 1130 2134 raaia
1149 2096 1187 2135 un
1206 2079 1278 2156 pait.

141 2167 342 2237 caua-‘dira
354 2168 391 2247 je
411 2167 470 2228 bois
490 2189 590 2229 comme
609 2189 647 2227 un
665 2178 735 2230 trau.
775 2171 854 2228 C'est
875 2190 940 2246 que
959 2169 1012 2228 dis
1034 2173 1131 2248 'qu'un
1152 2174 1278 2234 convive

140 2263 215 2321 ritoit
233 2283 316 2340 yvre,
332 2264 349 2321 ὲ
368 2284 406 2322 ne
425 2263 494 2342 plus
514 2264 642 2342 pouvoir
661 2264 754 2333 boire,
770 2283 808 2322 on
827 2264 856 2322 le
875 2265 975 2324 faitoit
994 2266 1083 2325 sortir
1101 2267 1140 2326 de
1159 2268 1188 2327 la
1207 2270 1279 2330 salle
1384 2315 1389 2326 ,

140 2357 184 2418 du
203 2358 333 2418 festin'.”
356 2358 654 2420 &narranaam
695 2358 789 2420 Recte
809 2359 1074 2420 Cumberlandius:
1101 2362 1200 2424 Would
1219 2386 1277 2444 μου

141 2473 218 2510 marre
240 2450 306 2531 off?
351 2452 444 2512 You’ll
462 2473 538 2512 nroae
557 2473 576 2512 ο
597 2453 660 2512 mett
681 2474 716 2511 as
734 2473 809 2512 soon.
841 2454 951 2515 Sensus
971 2465 1033 2518 est:
1057 2465 1171 2537 puteum
1192 2458 1278 2523 citius

139 2549 176 2607 de
192 2569 244 2607 ruo
264 2548 322 2607 loco
338 2547 477 2628 integrum
495 2549 642 2618 amoveris,
663 2569 746 2628 quam
758 2548 918 2628 parasitum
937 2569 952 2606 e
972 2551 1095 2610 convivio
1113 2553 1277 2614 eatrurerir.

219 2643 230 2673 ⁶
249 2643 314 2701 “Si
331 2663 411 2723 quem
428 2643 570 2723 perditum
592 2642 693 2723 cupias
715 2641 758 2701 vel
779 2644 878 2724 laqueo
899 2645 944 2703 uel
952 2644 1041 2723 ferro
1064 2647 1109 2705 vel
1116 2645 1204 2726 falso
1222 2656 1278 2708 tes·

139 2736 263 2807 timonio,
281 2758 342 2797 aare
359 2758 402 2795 me
420 2739 460 2796 ad
476 2738 568 2797 arania
581 2741 741 2817 paratum.”
761 2740 938 2798 casium.
972 2738 1137 2820 “Simplex
1152 2746 1278 2803 verbum

138 2841 298 2915 μαρτυρεῖν,
322 2853 379 2912 pro
399 2833 562 2913 composito
587 2841 813 2914 καταμαρτυρεῖν
836 2834 884 2894 vel
907 2834 1152 2918 ψευδομαρτυρεῖν
1169 2840 1278 2899 intelli-

138 2928 374 3007 gendum-Ad
400 2929 562 2987 infinitivus
586 2927 698 3010 ἄγχειν,
722 2927 852 3005 φονεύειν,
883 2938 1042 3012 μαρτυρεῖν,
1069 2941 1165 3004 ποιεῖν,
1191 2935 1278 2994 intei-

138 3025 200 3102 lige
221 3021 276 3081 οἷός
297 3029 347 3096 εῖμι
368 3024 416 3082 vel
435 3021 546 3095 ἕτοιμόν
567 3030 635 3095 cipi:
669 3022 727 3082 nisi
747 3024 888 3084 malueris
910 3046 945 3084 ex
967 3047 995 3085 v.
1016 3035 1061 3086 ll.
1085 3028 1213 3097 σκηττδε
1232 3030 1277 3091 in-

137 3119 274 3197 telligere
285 3141 294 3188 ;
316 3138 376 3196 quo
396 3117 591 3195 significetur,
611 3119 653 3177 ita
673 3116 787 3197 raptim,
805 3117 967 3198 utsulnren,
988 3120 1028 3179 ad
1047 3130 1143 3181 nutum
1160 3126 1279 3204 patroni

138 3216 240 3276 omnia
259 3215 382 3292 exsequi
401 3214 482 3274 huno
501 3214 680 3273 hominem.”
719 3215 1024 3276 Scnwmounusnn.
1092 3281 1094 3288 ¹

218 3321 229 3351 ⁸
249 3330 269 3356 “
281 3321 335 3380 isse
352 3345 403 3390 το,
425 3340 515 3398 quern
535 3319 617 3392 dicit,
633 3331 678 3379 est
690 3329 833 3400 patronus
849 3322 1032 3392 conviviator,
1050 3325 1138 3404 cujus
1152 3328 1278 3404 gratiam

135 3418 216 3475 inire
236 3417 321 3496 cupit
340 3416 516 3495 parasitus.”
556 3415 857 3478 Scuwmomuusau.

218 3518 463 3601 ⁷1irrpooue'nrur,
483 3517 699 3590 inconsiderate,
723 3541 755 3579 re
777 3542 812 3579 ne
830 3523 1008 3584 consitierata
1031 3524 1152 3604 quidem,
1173 3525 1278 3605 impro-

138 3616 208 3686 viso,
231 3617 321 3694 Angl.
344 3615 461 3675 without
477 3615 579 3694 taking
598 3615 663 3674 time
683 3625 712 3674 to
731 3616 820 3689 thinh,
838 3618 984 3702 instantly.
1026 3622 1122 3681 Affine
1142 3633 1188 3682 est
1210 3642 1277 3682 nos-

137 3725 220 3772 trum
239 3733 274 3772 οι·
293 3711 376 3792 qaiclr
394 3733 429 3773 ar
448 3711 573 3792 thought.
615 3711 663 3769 cf.
683 3711 769 3790 Virg.
784 3713 851 3773 AEn.
865 3714 890 3774 1.
907 3724 971 3777 142.
1013 3717 1062 3778 Sia
1081 3719 1134 3789 ait,
1156 3727 1183 3777 et
1203 3719 1281 3780 dioto

137 3807 224 3867 citius¹
236 3805 343 3882 tumida
356 3827 469 3889 aequora
480 3805 586 3888 placat.
628 3807 718 3884 Angl.
745 3827 782 3866 no
793 3829 893 3868 sooner
904 3811 970 3870 said
986 3813 1056 3871 than
1070 3813 1148 3872 done.
1190 3814 1280 3874 Adde

140 3903 247 3961 Horat.
262 3902 322 3961 Sat.
344 3903 384 3960 11.
400 3909 427 3962 2.
442 3908 488 3961 80.
528 3901 649 3960 Terent.
665 3901 776 3962 Heaut.
792 3901 829 3960 V.
845 3911 932 3964 1.31.
960 3905 1078 3965 Dictum
1080 3907 1208 3987 santum,
1223 3911 1278 3970 Ιιιιο

137 3996 200 4056 ahit
215 3995 347 4076 Clitipho.
400 4000 402 4004 ’

217 4107 432 4186 ⁸Aristophon
446 4107 465 4164 l.
478 4127 506 4166 c.
520 4108 554 4166 B.
587 4107 622 4164 ἅν
648 4133 689 4166 τις
714 4107 808 4188 iorni,
841 4107 953 4191 πάρειμι
981 4113 1104 4192 πριιῖτος·
1132 4113 1201 4176 ὥστ’
1226 4117 1276 4188 ἤδη

137 4202 226 4264 πάλαι
255 4202 259 4284 Ι
285 4206 303 4240 ³*
334 4206 352 4238 ὓ
379 4205 395 4240 i
424 4201 515 4283 ζιιιμιῖς
545 4205 690 4276 καλοῦμαι.
720 4206 772 4264 ubi
787 4205 882 4286 ,ποριεῖ
909 4205 971 4268 νέειν
996 4211 1116 4288 supplet
1142 4213 1275 4274 Grotius.
1348 4209 1351 4216 ¹

138 4296 429 4378 Schweighaeuseras
457 4298 537 4379 παραὶ
564 4298 629 4358 νέοιο
657 4301 778 4360 mavult.
821 4302 941 4371 Verum,
968 4304 1000 4364 ui
1025 4306 1119 4380 folior,
1147 4320 1192 4368 est
1218 4317 1277 4376 τοῖο
