2990 5010
595 343 834 393 nunannun.
1219 331 1284 398 129

145 541 234 589 μενοι.
276 515 356 578 Tum
374 517 610 600 inscriptionem,
628 534 696 581 tuns
712 523 801 583 etiam
822 521 981 581 Menandri
998 521 1107 591 locum,
1124 521 1285 580 illustrabit

147 615 318 693 Crinagorae
337 615 541 696 Epigramma,
555 618 693 696 Cephalae
707 619 829 676 Anthol.
842 639 873 696 p.
887 617 915 677 6.
940 616 1088 689 λαμπάδα,
1108 615 1160 686 τήν
1178 617 1285 700 κούραις

145 709 222 789 ἱερήν
243 708 308 792 ἔριν,
333 710 400 770 ω’κθο
424 711 532 786 ε’νὲγκαο
553 713 559 794 Ι
580 709 625 770 οἷα
652 714 828 793 Προμαθείας.
850 715 949 786 μνῆμα
970 715 1167 793 asportantes,
1189 710 1194 792 Ι
1215 717 1284 783 νίκην

146 806 251 873 κλεινάν
279 806 389 879 ἄεθλον,
417 807 459 868 ἔπ’
487 807 516 868 ἔιι
546 808 633 889 χεράο
654 807 786 887 ἔμπυρον,
804 808 896 890 Ἐρμῇ
916 807 921 890 Ι
948 809 1027 878 θῆκεν
1054 808 1189 888 άμιοννμίῃ
1220 816 1283 867 παῖς

148 903 258 983 πατράο
276 902 470 981 Ἀντιφάνους.

205 1034 389 1113 ⁶Aristoph.
405 1036 462 1093 nv.
481 1043 564 1102 1547.
593 1036 664 1107 ...ο
688 1033 708 1091 s
732 1030 861 1092 ama
889 1029 954 1091 ...λ
975 1026 1060 1104 θεολ,
1081 1033 1114 1092 οι
1135 1033 1221 1091 ..nse
1240 1015 1282 1091 ..1

143 1127 295 1206 Loquitur
314 1131 520 1190 Prometheus.
560 1131 684 1199 Locum,
705 1130 760 1189 etsi
781 1129 929 1208 perversis
948 1131 1121 1200 rationibus,
1144 1131 1176 1188 in
1196 1149 1283 1189 usum

144 1244 233 1282 suum
253 1225 341 1303 plane
361 1226 508 1286 convertit
527 1225 704 1285 Menander.

203 1353 214 1382 ⁰
235 1354 314 1414 “Ita
334 1340 419 1414 'recte
441 1354 564 1413 Grotius
587 1347 642 1432 pl'o
663 1350 815 1426 ἔπλασσεν.
864 1355 960 1414 Bentl.
985 1353 1085 1424 γυναῖκ’
1110 1352 1282 1412 ἕπλασσεν.”

145 1448 298 1509 Mulnux.
348 1450 515 1527 Vulgatum
543 1457 669 1522 γυναῖκαι
694 1446 838 1507 ἔπλασσεν
865 1449 955 1509 etiam
981 1450 1012 1507 in
1040 1451 1177 1508 metricas
1203 1450 1284 1528 leges

142 1555 256 1622 peccat.
297 1545 374 1605 Vide
388 1565 479 1623 supra
491 1544 529 1605 ad
543 1544 723 1604 Phoenieidae
734 1546 854 1622 Fragm.
867 1565 897 1602 n.
910 1553 937 1605 5.
978 1531 999 1580 ‘¹‘
1009 1544 1185 1604 Rectissime
1205 1546 1282 1604 Gro-

140 1640 205 1699 tius
218 1645 344 1712 γυναῖκας
355 1633 488 1700 ἔπλασεν.
529 1639 620 1712 Quod
633 1640 767 1699 enimait
781 1641 933 1699 Bentleius
948 1639 1158 1699 Prometheum
1171 1640 1284 1698 unicam

142 1736 295 1806 mulierem,
326 1757 379 1796 non
402 1739 524 1816 plures,
530 1735 689 1816 formasse,
716 1737 774 1796 hoc
801 1737 924 1814 quidem
953 1746 1000 1795 est
1024 1738 1117 1795 verba
1142 1736 1282 1796 cavillari.

145 1833 300 1891 Formasse
320 1833 459 1892 mulieres
474 1843 559 1896 recte
577 1832 698 1901 dicitur,
719 1833 772 1909 qui
786 1853 852 1890 eam
864 1832 1020 1890 mulierem
1036 1832 1185 1900 formavit,
1203 1833 1283 1892 unde

144 1939 250 1987 cetera
270 1939 424 2006 prognatae
444 1938 522 1987 sunt.
563 1927 632 1986 Hoc
657 1927 797 2018 primum.
838 1926 967 1996 Deinde,
993 1927 1092 2006 potuit
1119 1927 1284 1987 Menander

142 2043 194 2082 eos
221 2034 356 2083 auctores
380 2023 474 2100 sequi,
504 2022 556 2100 qui
584 2007 794 2081 Prometheum
817 2042 877 2079 non
900 2023 997 2082 solum
1023 2021 1200 2100 Pandoram,
1230 2022 1284 2082 sed

141 2119 245 2197 plures
258 2118 382 2177 feminas
396 2118 515 2176 finiisse
528 2128 663 2176 narrant.
686 2137 753 2194 quae
767 2117 825 2174 fuit
838 2117 983 2176 sententia
997 2095 1125 2187 Phaedri,
1141 2118 1213 2176 Pab.
1227 2118 1282 2177 IV.

146 2222 191 2272 14.
227 2213 286 2273 Sed
306 2223 377 2271 utut
395 2213 460 2271 haec
473 2224 552 2282 sunt,
569 2222 649 2271 recte
667 2210 778 2270 dicitur
796 2219 923 2284 γυναῖκαι
937 2211 1084 2269 πλάττειν.
1126 2211 1283 2272 Philemon

144 2308 331 2368 Stob.11.s.
351 2308 437 2368 Grot.
462 2307 481 2365 o‘
507 2304 676 2388 Προμηθεθε,
703 2305 738 2367 ὅν
761 2304 871 2380 λέγουσ’
897 2304 973 2378 ἡμᾶς·
997 2305 1115 2365 πλάσαι.
1163 2307 1280 2367 Gallim.

77 2413 83 2422 '
143 2406 266 2483 Fragm.
283 2413 347 2465 133.
373 2406 399 2480 el}
423 2428 456 2462 σε
478 2401 904 2484 ΠρομηθειὶιἜπλασε-,άε
923 2420 983 2481 quo
996 2403 1064 2466 loco
1084 2403 1282 2462 Ruhnkenius

143 2501 201 2578 Ep.
217 2502 289 2559 crit.
305 2500 346 2558 11.
360 2520 391 2578 p.
407 2507 471 2560 133.
512 2499 601 2557 Adde
617 2498 723 2556 Horat.
738 2499 834 2556 Carm.
849 2497 875 2556 I.
891 2491 935 2558 16.
952 2497 996 2557 16.
1017 2499 1158 2557 stomacho
1177 2507 1280 2558 nostro.

142 2595 187 2654 Et
205 2595 351 2674 pluralem
371 2613 529 2653 numerum
549 2592 702 2671 postulant
722 2591 885 2670 sequentia,
904 2590 979 2651 ἔθνος
998 2587 1125 2673 μιαράν.”
1159 2591 1262 2653 Donn.

202 2725 213 2757 ⁷
232 2723 310 2782 Vide
323 2723 362 2781 ad
371 2715 558 2800 Appendicis¹
573 2721 694 2798 Fragm.
710 2719 856 2778 XXXVI.
870 2740 899 2778 n.
917 2727 943 2779 l.

202 2843 212 2872 ⁰
233 2844 308 2903 “Ita
321 2843 390 2902 edd.
403 2853 474 2901 vett.
515 2827 615 2919 Vulgo
632 2831 753 2923 λάθριοι.
788 2841 881 2900 Artic.
895 2851 964 2900 ante
983 2841 1082 2902 λαιπάν
1099 2843 1214 2920 primus
1228 2843 1280 2902 ad-

142 2939 222 2998 ‹uut
241 2940 378 3000 curetas.
418 2939 525 2998 niuem
546 2924 672 2997 debetur
694 2937 774 2995 ...a
791 2958 846 3017 pro
864 2937 945 2996 euno
961 2937 1014 3008 ιιι,
1037 2938 1118 3013 quon
1135 2939 1167 2996 in
1181 2938 1281 3019 Λάχ..

141 3035 272 3095 mutavit
283 3035 398 3096 Bentl.''
415 3027 583 3092 'Mum
624 3034 724 3092 Etiam
739 3032 895 3092 Bentleius
913 3031 1030 3113 λάθρια.
1069 3033 1145 3092 Mox'
1158 3034 1196 3092 ad
1210 3055 1238 3092 v.
1253 3043 1279 3094 8.

141 3131 246 3192 confer
263 3151 353 3210 supra
370 3127 541 3207 Euphronis
556 3129 676 3207 Fragm.
691 3130 733 3187 11.

139 3271 142 3283 '
201 3261 212 3291 ⁹
232 3268 252 3296 “
262 3254 316 3319 Vs.
332 3268 360 3329 9.
379 3258 496 3318 emend.
516 3258 613 3319 Bentl.
653 3258 758 3335 Vulgo
772 3259 970 3338 praefiguntur
985 3259 1058 3318 huic
1072 3259 1174 3335 versui
1190 3261 1281 3318 verba

141 3381 186 3414 ειτ
185 3354 390 3430 ’ἐπιβουλαι.”
430 3353 586 3415 annx.
638 3354 748 3414 Nescio
767 3375 866 3414 annon
889 3375 994 3426 versus
1018 3355 1173 3424 exciderit,
1194 3355 1279 3433 cujus

140 3451 263 3534 initium
281 3448 428 3509 suerit
391 3473 494 3507 ιιαπειπ
493 3447 678 3524 ’ἐπιβουλαὶ
720 3452 793 3508 Mox
813 3448 1012 3530 χαλεπωτάτη
1034 3450 1194 3520 Bentleius,
1216 3451 1279 3509 sine

141 3567 238 3606 causa.
279 3545 356 3607 Vide
372 3526 491 3604 Porson.
505 3544 544 3603 ad
558 3544 662 3623 Eurip
677 3544 782 3603 Phoen.
793 3553 877 3612 1730.
896 3547 949 3624 qui
969 3546 1055 3604 νότον
1069 3545 1280 3626 χαλεπώτατοι

141 3641 360 3702 Menandreum
387 3640 502 3700 confert
528 3660 597 3698 cum
624 3640 731 3698 Latino
757 3640 916 3700 dulcissime
942 3662 1045 3712 rerum,
1066 3653 1097 3703 et
1126 3642 1280 3702 similibus.

141 3738 256 3798 scazon
270 3736 439 3797 Suid.'l'.l.
454 3743 559 3816 psw.
586 3732 626 3792 ὅθ
640 3734 723 3793 οὕνεκ’
736 3735 1022 3818 εἷσὶνᾰδρανέσπαποι
1037 3736 1121 3818 (edov-
1152 3738 1278 3798 Pausan.

135 3834 181 3892 «Χ.
199 3843 243 3895 13.
257 3835 323 3894 inis.
350 3831 429 3891 οὗτοι
444 3835 472 3890 oi
485 3831 603 3907 dicam
619 3829 832 3912 χαλεπάπαποι-
842 3834 940 3916 θηρίων
953 3833 1019 3894 εἰσὶν
1034 3834 1197 3894 άλίσκεσθαι
1208 3827 1280 3916 Ιζεῖν-

139 3954 197 3988 τει.
229 3928 339 3990 Catull.
351 3928 403 3986 IV.
411 3927 475 3986 init.
487 3925 628 3985 Phaselas·
636 3925 693 3998 ille,
704 3948 782 4007 quem
790 3927 901 4001 uidetis,
910 3928 1041 4009 hospites,
1057 3930 1062 4010 Ι
1074 3929 1215 4008 oitfoisae
1225 3950 1278 3990 aa·

138 4027 215 4086 oium
225 4024 398 4085 celerrimus.
425 4022 666 4083 Flor.111.10.e.
689 4022 847 4082 Restabant
854 4033 947 4083 autem
957 4025 1150 4084 immanissimi
1154 4027 1278 4106 gentium

143 4123 223 4182 Galli
235 4131 322 4204 atque
337 4119 481 4181 Germani.
519 4119 597 4191 Quae
610 4121 746 4199 exempla
758 4119 859 4179 attulit
873 4120 1042 4181 Schaeferus
1056 4123 1095 4181 ad
1112 4111 1278 4188 Phoenissa·

139 4239 208 4278 rum
221 4219 240 4277 l.
251 4238 276 4278 c.
289 4236 413 4276 monens
426 4215 483 4274 alia
496 4235 513 4273 e
526 4215 642 4275 Latinis
652 4216 806 4294 collegisse
815 4215 1023 4295 Spaldingium
1036 4219 1123 4277 Praef.
1133 4220 1171 4278 ad
1180 4220 1277 4294 Quin-

138 4315 184 4374 til.
201 4315 237 4374 T.
251 4314 278 4372 1.
294 4335 325 4393 p.
341 4311 488 4372 LXXXI.
529 4311 605 4373 Vide
623 4322 653 4372 et
674 4313 797 4372 Dobraei
808 4312 941 4404 ¹Advers.
961 4314 996 4373 T.
1015 4315 1043 4380 Ι.
1058 4337 1088 4396 p.
1103 4325 1173 4388 ¹559.
1199 4319 1277 4379 Mat.

241 4419 263 4486 9
