2948 5010
446 361 677 413 vuusmuus
702 361 876 412 ulmum.
1166 351 1232 436 227

88 545 160 603 Imo
180 553 251 624 opta
273 545 394 604 illorum
413 547 560 626 periclum
577 567 616 606 ne
636 547 675 606 sit
695 545 867 605 faciendum
887 545 960 604 tibi:

87 639 145 698 Sin
167 662 202 701 eo
221 641 332 714 venies,
357 642 522 722 comperies
545 644 667 702 umbras
686 661 759 713 esse,
784 641 867 701 aliud
889 641 974 701 nihil.
1195 651 1230 702 15

1049 736 1151 796 Gaor.

522 935 585 1000 vi.
630 937 685 1023 (P.
701 936 790 1018 167.)

88 1118 274 1197 Quicunque
294 1119 369 1179 dicit
390 1103 429 1177 ad
449 1138 512 1179 rem
534 1138 601 1197 quae
624 1137 685 1176 non
707 1117 868 1196 pertinent,

87 1215 175 1275 Duas
198 1216 316 1276 locutus
338 1215 475 1294 syllabas,
495 1215 629 1294 prolixus
650 1225 703 1274 est.

87 1314 133 1370 At
153 1315 230 1373 bene
251 1309 400 1372 dicentem
421 1332 459 1372 ne
482 1312 633 1391 prolixum
656 1309 776 1381 dixeris,

88 1407 292 1479 Quantumvis
313 1407 396 1466 dicat
413 1407 509 1466 multa
531 1416 561 1467 et
582 1404 678 1464 multo
700 1415 844 1484 tempore.

88 1506 140 1563 Ab
165 1503 296 1563 Homero
314 1525 399 1564 sume
418 1504 623 1563 testimonium
645 1503 718 1562 tibi:

88 1599 121 1657 Is
145 1619 214 1658 cum
236 1600 364 1659 exararit
386 1618 528 1659 versuum
548 1609 594 1658 tot
615 1596 717 1668 millia,

89 1694 189 1754 Nemo
210 1704 256 1754 est
275 1693 443 1755 Homerum
468 1694 520 1772 qui
543 1693 694 1773 prolixum
714 1687 840 1770 judicet.

89 1901 152 1973 Qui
174 1921 236 1960 non
256 1902 396 1980 loquetur
418 1901 479 1960 ulla
499 1921 567 1980 quae
589 1899 648 1960 sint
670 1899 749 1970 usui,

89 1997 291 2075 Multiloquus
308 1997 358 2058 hic
378 1998 565 2058 existimetur
588 1995 634 2056 vir
655 1995 719 2065 tibi,

90 2094 177 2153 Licet
197 2093 324 2152 duarum
343 2092 527 2172 syllabarum
545 2111 641 2152 sermo
661 2093 708 2152 sit.

90 2191 210 2259 Contra,
233 2189 374 2267 loquetur
395 2189 489 2268 siquis
510 2200 588 2269 apta,
609 2187 740 2268 plurima

89 2284 236 2356 Quamvis
255 2285 404 2364 loquatur,
429 2297 459 2344 et
481 2284 579 2362 trahat
598 2283 718 2362 longam
738 2297 859 2368 moram,

91 2381 138 2439 Ne
158 2379 354 2458 multiloquus
376 2379 426 2439 hic
446 2390 602 2439 censeatur
624 2379 671 2439 vir
690 2377 756 2438 tibi.

90 2467 237 2552 Exemplo
259 2472 410 2533 Homerus
431 2495 494 2535 esse
518 2475 566 2534 vel
589 2474 668 2533 solus
688 2483 802 2552 potest:

91 2571 169 2628 Nem
191 2589 332 2629 versuum
355 2579 401 2629 tot
422 2570 575 2649 scripserit
598 2589 693 2648 quum
713 2567 816 2639 millia,

91 2664 290 2742 Multiloquus
313 2675 359 2725 est
378 2675 501 2724 vocatus
523 2682 657 2742 unquam
676 2663 798 2722 nemini.

971 2757 1012 2816 H.
1029 2759 1147 2817 Saron.

516 2972 597 3044 vu.
643 2969 798 3059 (uros.)

90 3162 121 3222 si
141 3181 208 3240 quae
227 3162 375 3220 bonorum
394 3160 537 3220 habemus
557 3159 604 3218 his
623 3180 683 3218 non
702 3158 825 3233 utimur,

90 3258 173 3330 Quas
184 3277 245 3315 non
264 3256 407 3316 habemus
427 3256 597 3334 quaerimus,
617 3277 733 3336 semper
752 3256 838 3316 bonis

90 3357 153 3416 Aut
171 3363 273 3412 nostro
292 3352 367 3412 vitio
385 3361 437 3410 aut
457 3353 598 3410 Fortunae
620 3351 795 3412 carebimus.

89 3562 151 3621 Illis
171 3541 240 3640 quae
260 3560 413 3629 habemus,
434 3558 512 3619 utier
532 3559 557 3617 si
576 3560 725 3630 nolumus,

90 3659 164 3731 Quae
184 3676 245 3715 non
264 3655 417 3724 habemus,
438 3654 609 3732 quaerimus,
631 3654 751 3712 fortuna
770 3673 823 3713 nos

91 3751 221 3812 Privobit
240 3750 314 3820 aliis,
334 3769 388 3807 nos
408 3758 439 3808 at
457 3747 578 3828 ipsimet
597 3747 670 3808 aliis.

491 4036 592 4106 vm.
637 4041 802 4132 (euos.)

93 4229 348 4291 Incommoditates
369 4229 477 4299 multas
499 4227 612 4287 divitiae
633 4226 780 4287 adferunt.

93 4325 248 4385 Suboritur
268 4324 380 4395 odium,
401 4322 523 4394 invidis,
544 4321 732 4391 contumelia,

94 4429 272 4517 remmom]
