2990 5010
202 325 269 390 108
364 337 612 390 conroonun
635 339 873 389 onnoonun
896 337 1163 387 rnnonnnrs.

256 517 278 547 ¹¹
298 517 445 578 “Glossas
466 519 586 578 Philetae
607 519 756 597 intelligit,
778 539 851 596 quos
877 519 926 578 ille
948 518 1083 578 versibus
1107 517 1276 596 scripserat,
1301 527 1353 580 ut
1477 552 1479 609 ρ

198 612 270 672 alibi
296 613 452 673 diximus.''
491 617 664 674 Csasunon.
703 615 751 674 De
775 613 900 674 Philetae
922 615 943 672 Γ
944 612 1075 685 λάασαιε,
1097 614 1159 673 sive
1178 612 1348 672 Ἀτάκτοιτ

200 705 350 781 γλάοσαιι,
379 710 436 769 hoe
462 721 516 780 est,
545 709 658 768 Glossis
684 709 834 779 Miscellis,
862 709 930 769 vide
956 709 1265 787 Schweighaeuserum
1296 710 1346 768 ad

199 804 309 864 Athen.
324 805 383 863 ΙΙΙ.
404 826 435 884 p.
450 814 514 865 114.
530 807 565 864 Ε.
579 815 610 864 et
632 805 729 864 Wolfii
756 806 918 884 Prolegom.
941 806 972 863 in
994 805 1119 864 Homer.
1135 825 1166 883 p.
1183 804 1248 875 169.
1269 825 1351 883 aeq.

200 899 342 978 Respexit
362 900 492 959 comicus
514 900 646 959 Lexicon
663 900 858 960 Homericum
877 899 1011 968 Philetae,
1032 899 1063 956 in
1085 920 1145 977 quo
1168 919 1256 958 voees
1278 919 1352 958 arr-a

199 993 321 1071 tiquatae
333 995 529 1053 redderentur
542 994 660 1064 Atticis,
679 993 712 1052 id
731 994 811 1072 quod
829 994 1064 1054 aValckenaerio
1082 996 1271 1053 observatum
1285 1005 1347 1054 est

198 1088 280 1168 apud
302 1089 458 1167 Koppiers.
478 1089 604 1148 Observ.
626 1089 771 1167 Philolog.
791 1109 821 1167 p.
836 1088 883 1149 36.
922 1089 999 1147 “De
1012 1087 1130 1147 Phileto
1143 1088 1259 1148 Fabric.
1275 1089 1348 1150 1v.

200 1193 265 1254 490.
278 1184 337 1242 VI.
351 1184 416 1250 376.
446 1183 603 1243 Ruhnken.
617 1185 674 1264 Ep.
689 1186 753 1243 Cr.''
800 1185 899 1242 Donn.
920 1183 1017 1261 quiin
1031 1183 1157 1242 Cratetis
1171 1183 1343 1261 Epigram-

198 1291 276 1340 mate
291 1280 439 1357 (Brunck.
454 1281 496 1339 11.
511 1301 540 1360 p.
555 1289 583 1341 3.
603 1283 720 1341 Jacobs.
735 1281 779 1338 ΙΙ.
799 1301 829 1358 p.
842 1281 922 1357 883.)
942 1280 1035 1358 legitz.
1059 1279 1103 1336 καὶ
1125 1278 1167 1336 τά
1190 1280 1308 1349 Φιληταῖ
1332 1279 1348 1362 i

198 1373 333 1458 άτρεκὲωε
354 1373 419 1456 ᾔδει.
461 1376 537 1435 Vide
555 1377 594 1434 ad
613 1375 846 1435 Hermesianact.
859 1395 888 1456 n.
902 1383 948 1435 45.

255 1488 277 1518 ⁸⁸
296 1488 353 1546 wir
374 1489 427 1544 τοῦ
449 1489 561 1557 Φιλητᾶ
580 1485 764 1562 λαμβάνοντα
784 1485 914 1561 βιβλίων.
956 1486 1069 1564 Supple
1087 1483 1160 1555 rod,
1179 1485 1228 1544 vel
1248 1484 1343 1565 μέρος·

201 1607 238 1640 τι.
281 1583 327 1642 De
346 1581 384 1639 τά
403 1609 431 1640 τ.
442 1593 473 1658 φ.
483 1596 509 1641 λ.
528 1582 648 1659 βιβλίον
666 1594 785 1660 putasse
807 1582 925 1642 videtur
941 1580 1240 1658 Schweighaeuserus.
1282 1582 1340 1639 cf.

198 1677 351 1756 Aristoph.
367 1680 424 1736 Av.
438 1687 505 1749 974.
518 1680 585 1748 976.
627 1678 760 1737 Probum
786 1690 864 1737 esset
882 1675 1105 1752 λαμβανόμενον,
1132 1676 1181 1734 vel
1202 1674 1335 1750 λαβόμε-

199 1799 245 1831 νον
271 1775 336 1833 τιῖν.
389 1774 469 1834 Vide
496 1775 644 1833 Matthiaei
667 1775 720 1832 Gr.
735 1775 789 1832 Gr.
803 1774 868 1834 365.
922 1773 982 1831 Sed
1011 1771 1166 1850 vulgatum
1196 1771 1340 1831 defendit

197 1868 349 1948 Aristoph·
365 1871 431 1928 Pac.
445 1878 510 1940 439.
545 1867 653 1950 xoiorre
671 1869 813 1950 προθύματα
832 1865 964 1949 ξνλλαῖβῃ
991 1866 1046 1924 ταῖν
1069 1871 1207 1946 σχοινίων.
1245 1869 1335 1938 Mox,

196 1965 235 2023 ad
261 1964 381 2036 δθναται,
409 1967 511 2025 confer
536 1966 663 2025 Antiatt.
682 1985 712 2043 p.
734 1973 779 2035 89.
803 1963 952 2022 Δθναταιτ
983 1960 1049 2034 οἷον,
1076 1963 1112 2019 Ti
1144 1961 1257 2021 deivarae
1280 1963 1338 2033 s'p'do

198 2058 289 2140 λε’ξ11;

253 2173 274 2203 '⁴
294 2175 430 2234 Correxit
453 2175 611 2234 Porsonus.
651 2174 772 2253 Vulgo:
803 2172 913 2233 ἱκετεθιν
940 2173 967 2246 γ’
991 2171 1087 2231 αθτθν.
1130 2171 1207 2245 Quae
1227 2171 1331 2244 lectio,

195 2279 302 2346 prater
328 2271 385 2329 alia
410 2271 605 2339 incommoda,
632 2270 720 2330 etiam
742 2280 869 2330 metrum
889 2271 998 2328 turbat
1038 2269 1201 2347 Hipponax
1215 2269 1330 2330 Athen·-

195 2363 251 2422 IX.
266 2386 295 2444 p.
309 2374 374 2433 370.
391 2367 424 2424 Β.
440 2365 548 2424 citante
562 2367 707 2425 Porsono:
729 2364 780 2422 ὁδ’
792 2363 945 2444 ἐξολίσθινν
955 2361 1055 2422 ἱκέτευε
1068 2362 1121 2433 raia
1136 2363 1274 2444 κράμβην.

250 2477 272 2508 ¹³
292 2477 392 2555 Vulgo
412 2475 471 2547 ἤδη.
511 2477 645 2536 Correxit
664 2478 819 2536 Porsonus.
860 2476 960 2535 Vertit
979 2475 1116 2534 Natalis:
1128 2477 1196 2554 jom
1214 2483 1249 2534 a!
1267 2498 1328 2536 mo-

196 2593 254 2630 rem
274 2579 367 2630 mutet.
405 2570 630 2650 Dalecampius:
656 2572 877 2632 cometadioem
891 2578 922 2629 at
938 2579 1068 2630 mutaret.
1107 2570 1248 2630 Grotius:
1267 2592 1326 2632 ναο-

194 2687 251 2726 rem
270 2673 300 2725 αθ
315 2665 438 2725 immutet
457 2687 546 2724 mum.
586 2669 709 2727 Confert
731 2669 876 2726 Porsonus
893 2663 954 2726 ἔθυε
973 2663 1166 2740 μεταβάλλειν
1183 2665 1329 2745 Thueyd.

195 2762 219 2822 I.
234 2769 299 2820 123.
318 2761 450 2839 itemque
465 2762 569 2842 Eurip.
582 2762 650 2841 Iph.
664 2763 734 2822 Aul.
749 2771 814 2823 343.
835 2762 887 2821 ubi
908 2761 1018 2820 dicitur
1036 2759 1228 2835 μεταβάλλειν
1254 2761 1328 2842 τρά-

193 2881 268 2915 τουν.
309 2856 354 2915 Cf.
370 2856 464 2936 Hipp·
482 2857 564 2918 1116.
583 2855 665 2938 ῥᾴδια
680 2857 701 2915 δ’
714 2857 781 2927 ἤθεα
795 2855 847 2916 τδν
857 2855 950 2938 αὔριον
970 2855 976 2937 Ι
994 2853 1236 2931 μεταβαλλομένα
1248 2857 1324 2938 χρά-

194 2978 246 3012 νον.
292 2952 504 3013 Permutantur
529 2952 583 3014 ἔθει
609 2965 640 3014 et
664 2951 716 3014 ἔδει
742 2954 825 3034 apud
850 2953 985 3032 Etymol.
1011 2953 1092 3012 Gud.
1118 2954 1150 3012 in
1177 2953 1327 3035 Κυθέρεια.

193 3048 270 3107 Vide
283 3048 424 3108 Addend.
438 3049 478 3110 ad
492 3050 726 3111 Hermesianaot.
739 3072 769 3130 p.
786 3059 849 3110 142.

249 3151 270 3182 '⁰
290 3152 440 3212 “Arbiter
452 3152 483 3210 in
497 3152 650 3233 Satyrico:
665 3154 755 3234 Rogo,
770 3154 896 3234 inquom,
909 3153 978 3234 quid
991 3152 1042 3212 tibi
1054 3152 1096 3212 vis
1108 3173 1168 3211 oum
1182 3153 1237 3214 islo
1250 3175 1324 3214 osor·

192 3247 250 3307 θοθ
290 3247 355 3306 Noa
369 3245 463 3306 minua
477 3269 560 3328 quom
576 3247 687 3308 duobus
705 3248 783 3308 horis
795 3269 898 3308 neroum
915 3248 1046 3318 moraris,
1060 3257 1086 3308 et
1098 3249 1205 3328 sepias
1215 3251 1324 3331 poetice

191 3363 275 3422 quom
288 3343 407 3401 Ιιιααααε
423 3341 532 3402 ἱοαιανε
544 3364 584 3402 es.
623 3344 749 3404 Proreus
763 3345 970 3404 convenienter
987 3343 1058 3403 huic
1070 3343 1161 3402 loeo.”
1201 3346 1321 3406 Cusan-

191 3457 263 3496 aon.
303 3437 422 3512 “Quod
440 3458 468 3496 v.
490 3446 536 3498 25.
564 3437 659 3498 α’τλιῖε
679 3438 853 3514 διαλέγεσθαι
873 3440 988 3498 dixerat
1010 3449 1107 3518 poeta,
1134 3439 1213 3500 idam
1240 3461 1323 3502 nnnc

189 3531 360 3614 deopertum
380 3539 474 3592 λαλεῖν
494 3533 592 3592 dioit”
632 3534 930 3596 Sonwaroenusra.

247 3637 269 3670 '⁷
289 3638 415 3716 “Φοι’νιξ
436 3636 582 3696 Stratonis
608 3638 708 3697 fabula
733 3641 771 3698 ab
799 3639 892 3699 Suida
914 3641 1119 3698 memoratur?
1160 3638 1320 3700 Dinnoar.

190 3733 255 3792 “ln
277 3733 428 3794 Strattidis
449 3733 617 3794 fabularum
637 3754 760 3795 recensu
779 3735 914 3795 consulto
930 3735 1082 3794 omisimus
1103 3735 1319 3808 Phoenicidem,

189 3851 278 3908 quam
300 3831 431 3890 fabulam
458 3851 526 3891 cum
554 3831 610 3890 viri
633 3831 713 3891 docti
734 3833 773 3892 ab
799 3831 909 3892 Athen.
926 3831 981 3890 lx.
999 3852 1030 3911 p.
1044 3839 1109 3893 332.
1129 3834 1162 3892 C.
1185 3832 1319 3892 Stratoni

188 3925 280 3984 tribui
301 3927 453 3997 vidissent,
477 3927 585 3988 iterum
609 3926 755 3987 Stratonis
781 3937 812 3986 et
836 3927 989 3988 Strattidis
1010 3929 1129 3988 nomina
1151 3941 1319 4008 permutata

189 4039 252 4078 esse
274 4023 472 4084 crediderunt
512 4022 694 4083 Villoisonue
720 4023 808 4083 Praei.
826 4023 863 4082 ad
885 4025 1024 4103 Apollon.
1050 4045 1079 4105 p.
1104 4025 1208 4086 XXII.
1227 4027 1318 4086 etiam

187 4113 295 4174 fabular
317 4137 424 4180 nornen
442 4120 636 4200 depravatum
656 4139 719 4180 esse
737 4129 825 4198 putat
844 4119 1006 4198 scribitque
1022 4120 1104 4200 apud
1121 4121 1319 4181 Athenarum:

188 4207 268 4288 ταρά
287 4211 442 4292 Στράττιδι
463 4213 491 4274 ἐν
514 4217 670 4274 Φοινίσσαιι
693 4235 748 4295 pro
769 4214 849 4274 edita
868 4215 1060 4294 omniumque
1083 4217 1226 4276 librorum
1245 4236 1318 4276 auc-

188 4304 305 4365 toritate
328 4307 440 4368 firmata
464 4310 605 4370 lectione:
635 4310 713 4390 παρά
734 4309 881 4389 Στράτωνι
904 4307 932 4368 ἒν
952 4310 1093 4392 Φοινικίδῃ.
1134 4311 1196 4372 Sed
1210 4331 1320 4390 qum·
