<?xml version="1.0" encoding="UTF-8"?>
<!DOCTYPE html PUBLIC "-//W3C//DTD XHTML 1.0 Transitional//EN"
    "http://www.w3.org/TR/xhtml1/DTD/xhtml1-transitional.dtd">
<html xmlns="http://www.w3.org/1999/xhtml" xml:lang="en" lang="en">
 <head>
  <title>
</title>
<meta http-equiv="Content-Type" content="text/html;charset=utf-8" />
  <meta name='ocr-system' content='tesseract 3.04.00' />
  <meta name='ocr-capabilities' content='ocr_page ocr_carea ocr_par ocr_line ocrx_word'/>
</head>
<body>
  <div class='ocr_page' id='page_1' title='image "./comicorumgraeco00bailgoog_0135.png"; bbox 0 0 2990 5010; ppageno 0'>
   <div class='ocr_carea' id='block_1_1' title="bbox 226 292 1200 353">
    <p class='ocr_par' dir='ltr' id='par_1_1' title="bbox 226 292 1200 353">
     <span class='ocr_line' id='line_1_1' title="bbox 226 292 1200 353; baseline -0.007 0"><span class='ocrx_word' id='word_1_1' title='bbox 226 292 291 353; x_wconf 78' lang='lat'>120</span> <span class='ocrx_word' id='word_1_2' title='bbox 385 301 633 351; x_wconf 73' lang='lat' dir='ltr'>commotum</span> <span class='ocrx_word' id='word_1_3' title='bbox 664 302 901 351; x_wconf 72' lang='lat' dir='ltr'>cuncoeun</span> <span class='ocrx_word' id='word_1_4' title='bbox 932 299 1200 348; x_wconf 67' lang='lat' dir='ltr'>renonum.</span> 
     </span>
    </p>
   </div>
   <div class='ocr_carea' id='block_1_2' title="bbox 214 481 1375 1613">
    <p class='ocr_par' dir='ltr' id='par_1_2' title="bbox 214 481 1375 1613">
     <span class='ocr_line' id='line_1_2' title="bbox 223 481 1375 563; baseline 0 -23"><span class='ocrx_word' id='word_1_5' title='bbox 223 501 350 560; x_wconf 82' lang='lat' dir='ltr'>persone</span> <span class='ocrx_word' id='word_1_6' title='bbox 361 483 421 541; x_wconf 88' lang='lat' dir='ltr'>fuit</span> <span class='ocrx_word' id='word_1_7' title='bbox 429 483 611 563; x_wconf 82' lang='grc' dir='ltr'>,Κιθαριστοῦ</span> <span class='ocrx_word' id='word_1_8' title='bbox 624 483 823 556; x_wconf 82' lang='lat' dir='ltr'>Menandreae,</span> <span class='ocrx_word' id='word_1_9' title='bbox 843 485 929 562; x_wconf 83' lang='lat' dir='ltr'>cujus</span> <span class='ocrx_word' id='word_1_10' title='bbox 942 485 1159 562; x_wconf 69' lang='lat' dir='ltr'><strong>Fragmentum</strong></span> <span class='ocrx_word' id='word_1_11' title='bbox 1179 483 1291 542; x_wconf 79' lang='lat' dir='ltr'>attulit</span> <span class='ocrx_word' id='word_1_12' title='bbox 1305 481 1375 540; x_wconf 84' lang='lat' dir='ltr'>Sto-</span> 
     </span>
     <span class='ocr_line' id='line_1_3' title="bbox 224 576 1375 660; baseline -0.002 -24"><span class='ocrx_word' id='word_1_13' title='bbox 224 579 307 636; x_wconf 80' lang='lat' dir='ltr'>haeus</span> <span class='ocrx_word' id='word_1_14' title='bbox 326 578 361 638; x_wconf 90' lang='grc' dir='ltr'>Τ.</span> <span class='ocrx_word' id='word_1_15' title='bbox 379 588 406 648; x_wconf 87' lang='grc'>9.</span> <span class='ocrx_word' id='word_1_16' title='bbox 428 587 472 648; x_wconf 85' lang='grc'>19.</span> <span class='ocrx_word' id='word_1_17' title='bbox 507 577 544 635; x_wconf 60' lang='lat' dir='ltr'>*ro*</span> <span class='ocrx_word' id='word_1_18' title='bbox 569 577 651 650; x_wconf 68' lang='grc' dir='ltr'>μηδὲν,</span> <span class='ocrx_word' id='word_1_19' title='bbox 676 577 775 637; x_wconf 76' lang='grc' dir='ltr'>ἀδικεῖν</span> <span class='ocrx_word' id='word_1_20' title='bbox 799 578 925 653; x_wconf 76' lang='grc' dir='ltr'>ἐκμαθεῖν</span> <span class='ocrx_word' id='word_1_21' title='bbox 951 578 1016 660; x_wconf 66' lang='grc' dir='ltr'>γαρ,</span> <span class='ocrx_word' id='word_1_22' title='bbox 1044 576 1066 636; x_wconf 77' lang='lat' dir='ltr'>ui</span> <span class='ocrx_word' id='word_1_23' title='bbox 1086 577 1197 659; x_wconf 68' lang='grc' dir='ltr'>Λάχης,</span> <span class='ocrx_word' id='word_1_24' title='bbox 1222 577 1230 658; x_wconf 71' lang='grc' dir='ltr'>Ι</span> <span class='ocrx_word' id='word_1_25' title='bbox 1250 577 1375 636; x_wconf 81' lang='grc' dir='ltr'>α’στεῖον</span> 
     </span>
     <span class='ocr_line' id='line_1_4' title="bbox 215 669 1374 753; baseline 0.002 -23"><span class='ocrx_word' id='word_1_26' title='bbox 215 669 390 745; x_wconf 76' lang='grc' dir='ltr'>,ἐπιτήδευμα</span> <span class='ocrx_word' id='word_1_27' title='bbox 409 676 493 753; x_wconf 81' lang='grc' dir='ltr'><strong>κρίνω.</strong></span> <span class='ocrx_word' id='word_1_28' title='bbox 504 675 545 753; x_wconf 70' lang='grc' dir='ltr'>τῷ</span> <span class='ocrx_word' id='word_1_29' title='bbox 562 673 626 752; x_wconf 73' lang='grc' dir='ltr'><strong>βίῳ.</strong></span> <span class='ocrx_word' id='word_1_30' title='bbox 668 674 760 732; x_wconf 86' lang='lat' dir='ltr'>Aliud</span> <span class='ocrx_word' id='word_1_31' title='bbox 775 674 944 752; x_wconf 82' lang='lat' dir='ltr'>exemplum</span> <span class='ocrx_word' id='word_1_32' title='bbox 960 675 1186 744; x_wconf 88' lang='lat' dir='ltr'>Menandreum,</span> <span class='ocrx_word' id='word_1_33' title='bbox 1201 695 1241 733; x_wconf 86' lang='lat' dir='ltr'>ex</span> <span class='ocrx_word' id='word_1_34' title='bbox 1252 674 1374 732; x_wconf 74' lang='lat' dir='ltr'>ineerta</span> 
     </span>
     <span class='ocr_line' id='line_1_5' title="bbox 214 765 1373 848; baseline 0.001 -24"><span class='ocrx_word' id='word_1_35' title='bbox 214 768 334 837; x_wconf 60' lang='lat' dir='ltr'>afabtlla,</span> <span class='ocrx_word' id='word_1_36' title='bbox 348 769 440 828; x_wconf 77' lang='lat' dir='ltr'>habes</span> <span class='ocrx_word' id='word_1_37' title='bbox 454 769 535 848; x_wconf 87' lang='lat' dir='ltr'>apud</span> <span class='ocrx_word' id='word_1_38' title='bbox 548 769 633 828; x_wconf 86' lang='lat' dir='ltr'>Stob.</span> <span class='ocrx_word' id='word_1_39' title='bbox 649 769 684 827; x_wconf 86' lang='grc' dir='ltr'>Τ.</span> <span class='ocrx_word' id='word_1_40' title='bbox 699 768 746 836; x_wconf 84' lang='grc'>67.</span> <span class='ocrx_word' id='word_1_41' title='bbox 764 779 807 830; x_wconf 91' lang='grc'>11.</span> <span class='ocrx_word' id='word_1_42' title='bbox 831 776 930 829; x_wconf 83' lang='grc' dir='ltr'>οἶκεῖον</span> <span class='ocrx_word' id='word_1_43' title='bbox 948 770 1034 828; x_wconf 65' lang='grc' dir='ltr'>οὕτως</span> <span class='ocrx_word' id='word_1_44' title='bbox 1055 769 1130 829; x_wconf 74' lang='grc' dir='ltr'>αὖδέν</span> <span class='ocrx_word' id='word_1_45' title='bbox 1149 768 1242 838; x_wconf 77' lang='grc' dir='ltr'>ἔστιν,</span> <span class='ocrx_word' id='word_1_46' title='bbox 1263 765 1290 826; x_wconf 68' lang='grc' dir='ltr'><em>ἆ</em></span> <span class='ocrx_word' id='word_1_47' title='bbox 1312 767 1373 825; x_wconf 76' lang='lat' dir='ltr'>Aa&#39;-</span> 
     </span>
     <span class='ocr_line' id='line_1_6' title="bbox 215 863 1371 945; baseline 0.003 -27"><span class='ocrx_word' id='word_1_48' title='bbox 215 887 287 944; x_wconf 64' lang='grc' dir='ltr'><strong>χης.</strong></span> <span class='ocrx_word' id='word_1_49' title='bbox 326 865 401 923; x_wconf 78' lang='lat' dir='ltr'>Fuit</span> <span class='ocrx_word' id='word_1_50' title='bbox 418 876 448 922; x_wconf 89' lang='lat' dir='ltr'>et</span> <span class='ocrx_word' id='word_1_51' title='bbox 465 865 579 924; x_wconf 87' lang='lat' dir='ltr'>Laches</span> <span class='ocrx_word' id='word_1_52' title='bbox 596 885 723 942; x_wconf 80' lang='lat' dir='ltr'>persona</span> <span class='ocrx_word' id='word_1_53' title='bbox 734 864 863 943; x_wconf 68' lang='grc' dir='ltr'>Ἔφηβον</span> <span class='ocrx_word' id='word_1_54' title='bbox 884 866 1075 935; x_wconf 88' lang='lat' dir='ltr'>Philemonis,</span> <span class='ocrx_word' id='word_1_55' title='bbox 1091 863 1173 945; x_wconf 88' lang='lat' dir='ltr'>(vide</span> <span class='ocrx_word' id='word_1_56' title='bbox 1190 865 1275 924; x_wconf 83' lang='lat' dir='ltr'>infra</span> <span class='ocrx_word' id='word_1_57' title='bbox 1294 865 1371 922; x_wconf 90' lang='lat' dir='ltr'>Phi-</span> 
     </span>
     <span class='ocr_line' id='line_1_7' title="bbox 223 959 1372 1039; baseline 0 -21"><span class='ocrx_word' id='word_1_58' title='bbox 223 961 348 1020; x_wconf 90' lang='lat' dir='ltr'>lemonis</span> <span class='ocrx_word' id='word_1_59' title='bbox 361 959 482 1038; x_wconf 80' lang='lat' dir='ltr'>Pragm.</span> <span class='ocrx_word' id='word_1_60' title='bbox 500 960 556 1018; x_wconf 93' lang='lat' dir='ltr'>IV.</span> <span class='ocrx_word' id='word_1_61' title='bbox 576 963 619 1038; x_wconf 89' lang='grc'>3.)</span> <span class='ocrx_word' id='word_1_62' title='bbox 646 961 778 1039; x_wconf 85' lang='lat' dir='ltr'>itemque</span> <span class='ocrx_word' id='word_1_63' title='bbox 800 962 983 1021; x_wconf 88' lang='lat' dir='ltr'><strong>Philemonis</strong></span> <span class='ocrx_word' id='word_1_64' title='bbox 1009 962 1118 1022; x_wconf 76' lang='lat' dir='ltr'>febulre</span> <span class='ocrx_word' id='word_1_65' title='bbox 1135 962 1262 1020; x_wconf 83' lang='lat' dir='ltr'>incertae</span> <span class='ocrx_word' id='word_1_66' title='bbox 1284 959 1372 1038; x_wconf 77' lang='lat' dir='ltr'>apud</span> 
     </span>
     <span class='ocr_line' id='line_1_8' title="bbox 217 1054 1369 1136; baseline -0.002 -22"><span class='ocrx_word' id='word_1_67' title='bbox 217 1057 307 1115; x_wconf 46' lang='lat' dir='ltr'>¹Stob.</span> <span class='ocrx_word' id='word_1_68' title='bbox 325 1056 390 1114; x_wconf 86' lang='lat' dir='ltr'>Ecl.</span> <span class='ocrx_word' id='word_1_69' title='bbox 411 1055 503 1133; x_wconf 77' lang='lat' dir='ltr'>Phys.</span> <span class='ocrx_word' id='word_1_70' title='bbox 518 1055 543 1114; x_wconf 91' lang='lat' dir='ltr'>I.</span> <span class='ocrx_word' id='word_1_71' title='bbox 557 1076 586 1134; x_wconf 90' lang='grc' dir='ltr'>Ρ.</span> <span class='ocrx_word' id='word_1_72' title='bbox 601 1063 667 1115; x_wconf 88' lang='grc'><strong>238.</strong></span> <span class='ocrx_word' id='word_1_73' title='bbox 696 1058 824 1116; x_wconf 88' lang='lat' dir='ltr'>Heeren.</span> <span class='ocrx_word' id='word_1_74' title='bbox 851 1056 917 1114; x_wconf 82' lang='grc' dir='ltr'>ὅσαι</span> <span class='ocrx_word' id='word_1_75' title='bbox 943 1055 1042 1136; x_wconf 76' lang='grc' dir='ltr'>τέχναι</span> <span class='ocrx_word' id='word_1_76' title='bbox 1070 1054 1213 1129; x_wconf 70' lang='grc' dir='ltr'>γεγόνασι,</span> <span class='ocrx_word' id='word_1_77' title='bbox 1243 1055 1369 1122; x_wconf 58' lang='lat' dir='ltr'>radent,</span> 
     </span>
     <span class='ocr_line' id='line_1_9' title="bbox 222 1149 1369 1230; baseline 0.002 -22"><span class='ocrx_word' id='word_1_78' title='bbox 222 1149 243 1208; x_wconf 76' lang='grc' dir='ltr'><strong>ιῖ</strong></span> <span class='ocrx_word' id='word_1_79' title='bbox 257 1151 367 1230; x_wconf 73' lang='grc' dir='ltr'>Λάχης,</span> <span class='ocrx_word' id='word_1_80' title='bbox 382 1176 406 1207; x_wconf 88' lang='grc' dir='ltr'>κ.</span> <span class='ocrx_word' id='word_1_81' title='bbox 423 1176 450 1208; x_wconf 83' lang='grc' dir='ltr'><strong>τ.</strong></span> <span class='ocrx_word' id='word_1_82' title='bbox 464 1161 490 1206; x_wconf 82' lang='grc' dir='ltr'>λ.</span> <span class='ocrx_word' id='word_1_83' title='bbox 505 1151 694 1229; x_wconf 84' lang='lat' dir='ltr'>pertinetque</span> <span class='ocrx_word' id='word_1_84' title='bbox 708 1153 797 1211; x_wconf 86' lang='lat' dir='ltr'>etiam</span> <span class='ocrx_word' id='word_1_85' title='bbox 812 1153 940 1230; x_wconf 86' lang='lat' dir='ltr'>Hecyrae</span> <span class='ocrx_word' id='word_1_86' title='bbox 952 1151 1148 1213; x_wconf 86' lang='lat' dir='ltr'>Terentianae.</span> <span class='ocrx_word' id='word_1_87' title='bbox 1181 1153 1262 1209; x_wconf 90' lang='lat' dir='ltr'>Cum</span> <span class='ocrx_word' id='word_1_88' title='bbox 1277 1154 1369 1210; x_wconf 86' lang='lat' dir='ltr'>Meu-</span> 
     </span>
     <span class='ocr_line' id='line_1_10' title="bbox 216 1246 1369 1327; baseline 0.002 -23"><span class='ocrx_word' id='word_1_89' title='bbox 216 1247 308 1304; x_wconf 77' lang='lat' dir='ltr'>endri</span> <span class='ocrx_word' id='word_1_90' title='bbox 337 1246 411 1314; x_wconf 90' lang='lat' dir='ltr'>loco,</span> <span class='ocrx_word' id='word_1_91' title='bbox 440 1267 530 1324; x_wconf 91' lang='lat' dir='ltr'>quem</span> <span class='ocrx_word' id='word_1_92' title='bbox 557 1247 659 1306; x_wconf 83' lang='lat' dir='ltr'>citavit</span> <span class='ocrx_word' id='word_1_93' title='bbox 684 1247 873 1326; x_wconf 88' lang='lat' dir='ltr'>Apollonius,</span> <span class='ocrx_word' id='word_1_94' title='bbox 901 1247 1100 1306; x_wconf 85' lang='lat' dir='ltr'>conferendus</span> <span class='ocrx_word' id='word_1_95' title='bbox 1129 1260 1175 1307; x_wconf 88' lang='lat' dir='ltr'>est</span> <span class='ocrx_word' id='word_1_96' title='bbox 1203 1248 1369 1327; x_wconf 86' lang='lat' dir='ltr'>Aristoph.</span> 
     </span>
     <span class='ocr_line' id='line_1_11' title="bbox 221 1340 1367 1426; baseline 0.004 -27"><span class='ocrx_word' id='word_1_97' title='bbox 221 1341 352 1401; x_wconf 79' lang='lat' dir='ltr'>Acharn.</span> <span class='ocrx_word' id='word_1_98' title='bbox 366 1350 433 1409; x_wconf 84' lang='grc'><strong>271.</strong></span> <span class='ocrx_word' id='word_1_99' title='bbox 446 1347 556 1426; x_wconf 49' lang='grc' dir='ltr'>,πολλῷ</span> <span class='ocrx_word' id='word_1_100' title='bbox 568 1343 623 1422; x_wconf 74' lang='grc' dir='ltr'>γάρ</span> <span class='ocrx_word' id='word_1_101' title='bbox 636 1342 693 1402; x_wconf 76' lang='grc' dir='ltr'><strong><em>ἔσθ’</em></strong></span> <span class='ocrx_word' id='word_1_102' title='bbox 706 1340 824 1414; x_wconf 73' lang='grc' dir='ltr'>ἥδιον,ιι1</span> <span class='ocrx_word' id='word_1_103' title='bbox 843 1345 948 1413; x_wconf 64' lang='grc' dir='ltr'>Φαλῆς,</span> <span class='ocrx_word' id='word_1_104' title='bbox 962 1345 1067 1412; x_wconf 65' lang='grc' dir='ltr'>Φαλῆς,</span> <span class='ocrx_word' id='word_1_105' title='bbox 1084 1371 1109 1400; x_wconf 92' lang='grc' dir='ltr'>κ.</span> <span class='ocrx_word' id='word_1_106' title='bbox 1125 1370 1154 1401; x_wconf 91' lang='grc' dir='ltr'>τ.</span> <span class='ocrx_word' id='word_1_107' title='bbox 1168 1356 1196 1402; x_wconf 93' lang='grc' dir='ltr'>λ.</span> <span class='ocrx_word' id='word_1_108' title='bbox 1240 1345 1367 1404; x_wconf 75' lang='lat' dir='ltr'>Terent.</span> 
     </span>
     <span class='ocr_line' id='line_1_12' title="bbox 215 1437 1366 1520; baseline 0.008 -28"><span class='ocrx_word' id='word_1_109' title='bbox 215 1437 317 1494; x_wconf 82' lang='lat' dir='ltr'>.Andr.</span> <span class='ocrx_word' id='word_1_110' title='bbox 333 1438 357 1496; x_wconf 95' lang='lat' dir='ltr'>I.</span> <span class='ocrx_word' id='word_1_111' title='bbox 373 1446 399 1498; x_wconf 87' lang='lat'>5.</span> <span class='ocrx_word' id='word_1_112' title='bbox 415 1447 461 1506; x_wconf 76' lang='lat'>47.</span> <span class='ocrx_word' id='word_1_113' title='bbox 498 1439 545 1498; x_wconf 88' lang='lat'>0!</span> <span class='ocrx_word' id='word_1_114' title='bbox 576 1439 682 1518; x_wconf 77' lang='lat' dir='ltr'>Mysis,</span> <span class='ocrx_word' id='word_1_115' title='bbox 711 1438 816 1520; x_wconf 76' lang='lat' dir='ltr'>Mysis,</span> <span class='ocrx_word' id='word_1_116' title='bbox 844 1439 928 1497; x_wconf 77' lang='lat' dir='ltr'>etiam</span> <span class='ocrx_word' id='word_1_117' title='bbox 948 1459 1023 1496; x_wconf 82' lang='lat' dir='ltr'>nunc</span> <span class='ocrx_word' id='word_1_118' title='bbox 1043 1438 1112 1497; x_wconf 80' lang='lat' dir='ltr'>milri</span> <span class='ocrx_word' id='word_1_119' title='bbox 1133 1438 1138 1519; x_wconf 74' lang='grc' dir='ltr'>Ι</span> <span class='ocrx_word' id='word_1_120' title='bbox 1157 1440 1280 1518; x_wconf 76' lang='lat' dir='ltr'>scripto,</span> <span class='ocrx_word' id='word_1_121' title='bbox 1311 1445 1366 1501; x_wconf 80' lang='lat' dir='ltr'>&amp;c-</span> 
     </span>
     <span class='ocr_line' id='line_1_13' title="bbox 221 1533 1210 1613; baseline -0.001 -21"><span class='ocrx_word' id='word_1_122' title='bbox 221 1535 360 1593; x_wconf 84' lang='lat' dir='ltr'>Ceterum</span> <span class='ocrx_word' id='word_1_123' title='bbox 376 1534 426 1594; x_wconf 89' lang='lat' dir='ltr'>hic</span> <span class='ocrx_word' id='word_1_124' title='bbox 448 1548 478 1595; x_wconf 90' lang='lat' dir='ltr'>et</span> <span class='ocrx_word' id='word_1_125' title='bbox 495 1556 523 1592; x_wconf 89' lang='lat' dir='ltr'>v.</span> <span class='ocrx_word' id='word_1_126' title='bbox 539 1545 565 1596; x_wconf 86' lang='lat'>3.</span> <span class='ocrx_word' id='word_1_127' title='bbox 588 1536 704 1613; x_wconf 82' lang='lat' dir='ltr'>corrige</span> <span class='ocrx_word' id='word_1_128' title='bbox 723 1533 790 1603; x_wconf 83' lang='grc' dir='ltr'>ἔσει,</span> <span class='ocrx_word' id='word_1_129' title='bbox 811 1545 901 1613; x_wconf 90' lang='lat' dir='ltr'>prout</span> <span class='ocrx_word' id='word_1_130' title='bbox 920 1533 1015 1592; x_wconf 88' lang='lat' dir='ltr'><strong>edidit</strong></span> <span class='ocrx_word' id='word_1_131' title='bbox 1030 1534 1210 1592; x_wconf 82' lang='lat' dir='ltr'>Meiuekius,</span> 
     </span>
    </p>
   </div>
   <div class='ocr_carea' id='block_1_3' title="bbox 218 1652 1368 1828">
    <p class='ocr_par' dir='ltr' id='par_1_3' title="bbox 218 1652 1368 1828">
     <span class='ocr_line' id='line_1_14' title="bbox 279 1652 1367 1726; baseline 0.002 -14"><span class='ocrx_word' id='word_1_132' title='bbox 279 1655 290 1684; x_wconf 81' lang='lat'>⁸</span> <span class='ocrx_word' id='word_1_133' title='bbox 310 1652 385 1726; x_wconf 81' lang='grc' dir='ltr'>δέδιε,</span> <span class='ocrx_word' id='word_1_134' title='bbox 395 1656 476 1718; x_wconf 79' lang='lat' dir='ltr'>,solet</span> <span class='ocrx_word' id='word_1_135' title='bbox 500 1656 606 1724; x_wconf 83' lang='lat' dir='ltr'>timere,</span> <span class='ocrx_word' id='word_1_136' title='bbox 624 1655 708 1713; x_wconf 82' lang='lat' dir='ltr'>timet.</span> <span class='ocrx_word' id='word_1_137' title='bbox 743 1654 819 1713; x_wconf 90' lang='lat' dir='ltr'>Vide</span> <span class='ocrx_word' id='word_1_138' title='bbox 835 1653 981 1712; x_wconf 83' lang='lat' dir='ltr'>Matthioei</span> <span class='ocrx_word' id='word_1_139' title='bbox 996 1654 1049 1712; x_wconf 86' lang='lat' dir='ltr'>Gr.</span> <span class='ocrx_word' id='word_1_140' title='bbox 1064 1654 1116 1711; x_wconf 86' lang='lat' dir='ltr'>Gr.</span> <span class='ocrx_word' id='word_1_141' title='bbox 1131 1661 1198 1714; x_wconf 86' lang='grc'><strong>503.</strong></span> <span class='ocrx_word' id='word_1_142' title='bbox 1212 1663 1240 1712; x_wconf 81' lang='grc'>2.</span> <span class='ocrx_word' id='word_1_143' title='bbox 1278 1655 1367 1714; x_wconf 74' lang='lat' dir='ltr'>Plato</span> 
     </span>
     <span class='ocr_line' id='line_1_15' title="bbox 218 1747 1368 1828; baseline 0.003 -22"><span class='ocrx_word' id='word_1_144' title='bbox 218 1749 324 1808; x_wconf 81' lang='lat' dir='ltr'>Phaed.</span> <span class='ocrx_word' id='word_1_145' title='bbox 338 1772 367 1828; x_wconf 94' lang='grc' dir='ltr'>Ρ.</span> <span class='ocrx_word' id='word_1_146' title='bbox 385 1759 448 1810; x_wconf 85' lang='grc'><strong>183.</strong></span> <span class='ocrx_word' id='word_1_147' title='bbox 464 1751 573 1810; x_wconf 80' lang='lat' dir='ltr'>citante</span> <span class='ocrx_word' id='word_1_148' title='bbox 594 1750 765 1809; x_wconf 87' lang='lat' dir='ltr'>Matthiaeo:</span> <span class='ocrx_word' id='word_1_149' title='bbox 791 1748 863 1818; x_wconf 68' lang='grc' dir='ltr'>αὕτη</span> <span class='ocrx_word' id='word_1_150' title='bbox 883 1748 912 1806; x_wconf 69' lang='lat' dir='ltr'>be*</span> <span class='ocrx_word' id='word_1_151' title='bbox 928 1747 961 1818; x_wconf 71' lang='grc' dir='ltr'><em>δὴ</em></span> <span class='ocrx_word' id='word_1_152' title='bbox 976 1749 1038 1821; x_wconf 71' lang='grc' dir='ltr'>η’μῖν</span> <span class='ocrx_word' id='word_1_153' title='bbox 1054 1749 1073 1819; x_wconf 66' lang='grc' dir='ltr'>η’</span> <span class='ocrx_word' id='word_1_154' title='bbox 1089 1749 1208 1819; x_wconf 72' lang='grc' dir='ltr'>τοιαύτη</span> <span class='ocrx_word' id='word_1_155' title='bbox 1227 1750 1274 1807; x_wconf 84' lang='grc' dir='ltr'>κα1</span> <span class='ocrx_word' id='word_1_156' title='bbox 1287 1751 1368 1810; x_wconf 65' lang='grc' dir='ltr'>αὕτη</span> 
     </span>
    </p>
   </div>
   <div class='ocr_carea' id='block_1_4' title="bbox 220 1842 1366 1923">
    <p class='ocr_par' dir='ltr' id='par_1_4' title="bbox 220 1842 1366 1923">
     <span class='ocr_line' id='line_1_16' title="bbox 220 1842 1366 1923; baseline 0.002 -21"><span class='ocrx_word' id='word_1_157' title='bbox 220 1852 364 1921; x_wconf 75' lang='grc' dir='ltr'>πεφυκυῖα,</span> <span class='ocrx_word' id='word_1_158' title='bbox 374 1843 618 1917; x_wconf 70' lang='grc' dir='ltr'>ἀπαλλαττομένη</span> <span class='ocrx_word' id='word_1_159' title='bbox 629 1847 681 1902; x_wconf 75' lang='grc' dir='ltr'>τοῦ</span> <span class='ocrx_word' id='word_1_160' title='bbox 692 1842 833 1916; x_wconf 66' lang='grc' dir='ltr'>σώματος,</span> <span class='ocrx_word' id='word_1_161' title='bbox 844 1842 916 1902; x_wconf 68' lang='lat' dir='ltr'>sidric</span> <span class='ocrx_word' id='word_1_162' title='bbox 930 1843 1137 1923; x_wconf 70' lang='grc' dir='ltr'>διατεφναηται</span> <span class='ocrx_word' id='word_1_163' title='bbox 1149 1847 1193 1903; x_wconf 71' lang='grc' dir='ltr'>καὶ</span> <span class='ocrx_word' id='word_1_164' title='bbox 1202 1845 1366 1906; x_wconf 74' lang='grc' dir='ltr'>α’τόλιλεν.</span> 
     </span>
    </p>
   </div>
   <div class='ocr_carea' id='block_1_5' title="bbox 220 1939 1367 2018">
    <p class='ocr_par' dir='ltr' id='par_1_5' title="bbox 220 1939 1367 2018">
     <span class='ocr_line' id='line_1_17' title="bbox 220 1939 1367 2018; baseline 0.003 -20"><span class='ocrx_word' id='word_1_165' title='bbox 220 1941 266 1998; x_wconf 87' lang='lat' dir='ltr'>Cf.</span> <span class='ocrx_word' id='word_1_166' title='bbox 281 1940 402 2018; x_wconf 84' lang='lat' dir='ltr'>Fragm.</span> <span class='ocrx_word' id='word_1_167' title='bbox 417 1941 459 2012; x_wconf 78' lang='lat' dir='ltr'>Il.</span> <span class='ocrx_word' id='word_1_168' title='bbox 476 1950 520 2000; x_wconf 91' lang='lat'>11.</span> <span class='ocrx_word' id='word_1_169' title='bbox 562 1941 639 2000; x_wconf 87' lang='lat' dir='ltr'>Vide</span> <span class='ocrx_word' id='word_1_170' title='bbox 651 1942 730 1999; x_wconf 85' lang='lat' dir='ltr'>infra</span> <span class='ocrx_word' id='word_1_171' title='bbox 748 1939 787 1998; x_wconf 87' lang='lat' dir='ltr'>ad</span> <span class='ocrx_word' id='word_1_172' title='bbox 801 1940 986 2018; x_wconf 85' lang='lat' dir='ltr'>Appendicis</span> <span class='ocrx_word' id='word_1_173' title='bbox 1001 1941 1120 2018; x_wconf 80' lang='lat' dir='ltr'>Fragm.</span> <span class='ocrx_word' id='word_1_174' title='bbox 1134 1940 1275 2000; x_wconf 87' lang='lat' dir='ltr'>XXVII.</span> <span class='ocrx_word' id='word_1_175' title='bbox 1289 1963 1322 2002; x_wconf 87' lang='lat' dir='ltr'>n.</span> <span class='ocrx_word' id='word_1_176' title='bbox 1337 1943 1367 2004; x_wconf 87' lang='lat'>6.</span> 
     </span>
    </p>
   </div>
   <div class='ocr_carea' id='block_1_6' title="bbox 215 2057 1368 4346">
    <p class='ocr_par' dir='ltr' id='par_1_6' title="bbox 215 2057 1368 4346">
     <span class='ocr_line' id='line_1_18' title="bbox 278 2057 1367 2142; baseline 0.006 -24"><span class='ocrx_word' id='word_1_177' title='bbox 278 2061 288 2091; x_wconf 86' lang='lat'>⁴</span> <span class='ocrx_word' id='word_1_178' title='bbox 308 2061 415 2120; x_wconf 79' lang='lat' dir='ltr'>Malim</span> <span class='ocrx_word' id='word_1_179' title='bbox 432 2059 466 2120; x_wconf 77' lang='lat' dir='ltr'>dv</span> <span class='ocrx_word' id='word_1_180' title='bbox 480 2057 506 2142; x_wconf 77' lang='grc' dir='ltr'>ᾖ,</span> <span class='ocrx_word' id='word_1_181' title='bbox 520 2072 554 2119; x_wconf 92' lang='lat' dir='ltr'>ut</span> <span class='ocrx_word' id='word_1_182' title='bbox 567 2058 601 2118; x_wconf 74' lang='lat' dir='ltr'>dv</span> <span class='ocrx_word' id='word_1_183' title='bbox 614 2059 676 2142; x_wconf 76' lang='grc' dir='ltr'>γένῃ</span> <span class='ocrx_word' id='word_1_184' title='bbox 691 2082 718 2118; x_wconf 94' lang='grc' dir='ltr'>ν.</span> <span class='ocrx_word' id='word_1_185' title='bbox 735 2069 779 2120; x_wconf 92' lang='grc'>10.</span> <span class='ocrx_word' id='word_1_186' title='bbox 795 2080 966 2137; x_wconf 85' lang='lat' dir='ltr'><strong>quanquam</strong></span> <span class='ocrx_word' id='word_1_187' title='bbox 980 2060 1116 2118; x_wconf 87' lang='lat' dir='ltr'>ultimam</span> <span class='ocrx_word' id='word_1_188' title='bbox 1130 2061 1161 2118; x_wconf 92' lang='lat' dir='ltr'>in</span> <span class='ocrx_word' id='word_1_189' title='bbox 1174 2059 1223 2119; x_wconf 78' lang='grc' dir='ltr'>ἕιῖν</span> <span class='ocrx_word' id='word_1_190' title='bbox 1235 2063 1367 2124; x_wconf 85' lang='lat' dir='ltr'>brevem</span> 
     </span>
     <span class='ocr_line' id='line_1_19' title="bbox 219 2154 1366 2225; baseline -0.006 -9"><span class='ocrx_word' id='word_1_191' title='bbox 219 2178 282 2217; x_wconf 89' lang='lat' dir='ltr'>esse</span> <span class='ocrx_word' id='word_1_192' title='bbox 303 2158 435 2216; x_wconf 89' lang='lat' dir='ltr'>iudicare</span> <span class='ocrx_word' id='word_1_193' title='bbox 457 2157 576 2216; x_wconf 83' lang='lat' dir='ltr'>videtur</span> <span class='ocrx_word' id='word_1_194' title='bbox 599 2154 641 2225; x_wconf 71' lang='lat' dir='ltr'>dv,</span> <span class='ocrx_word' id='word_1_195' title='bbox 660 2157 723 2214; x_wconf 92' lang='lat' dir='ltr'>sive</span> <span class='ocrx_word' id='word_1_196' title='bbox 738 2154 780 2225; x_wconf 70' lang='grc' dir='ltr'>ἣν,</span> <span class='ocrx_word' id='word_1_197' title='bbox 801 2175 836 2213; x_wconf 86' lang='lat' dir='ltr'>ex</span> <span class='ocrx_word' id='word_1_198' title='bbox 855 2155 947 2213; x_wconf 80' lang='lat' dir='ltr'>altero</span> <span class='ocrx_word' id='word_1_199' title='bbox 970 2164 1163 2218; x_wconf 86' lang='lat' dir='ltr'>contractum.</span> <span class='ocrx_word' id='word_1_200' title='bbox 1207 2157 1291 2218; x_wconf 88' lang='lat' dir='ltr'>Vide</span> <span class='ocrx_word' id='word_1_201' title='bbox 1311 2180 1366 2218; x_wconf 78' lang='lat' dir='ltr'>su.</span> 
     </span>
     <span class='ocr_line' id='line_1_20' title="bbox 218 2249 1368 2332; baseline 0.003 -20"><span class='ocrx_word' id='word_1_202' title='bbox 218 2274 273 2332; x_wconf 82' lang='lat' dir='ltr'>pre</span> <span class='ocrx_word' id='word_1_203' title='bbox 293 2254 331 2312; x_wconf 83' lang='lat' dir='ltr'>ad</span> <span class='ocrx_word' id='word_1_204' title='bbox 353 2252 534 2330; x_wconf 86' lang='lat' dir='ltr'>Antiphanis</span> <span class='ocrx_word' id='word_1_205' title='bbox 552 2252 671 2328; x_wconf 84' lang='lat' dir='ltr'>Fragm.</span> <span class='ocrx_word' id='word_1_206' title='bbox 691 2250 782 2308; x_wconf 90' lang='lat' dir='ltr'>XIII.</span> <span class='ocrx_word' id='word_1_207' title='bbox 801 2271 829 2307; x_wconf 92' lang='lat' dir='ltr'>n.</span> <span class='ocrx_word' id='word_1_208' title='bbox 846 2258 872 2310; x_wconf 81' lang='grc'>2.</span> <span class='ocrx_word' id='word_1_209' title='bbox 894 2250 972 2308; x_wconf 82' lang='lat' dir='ltr'>infra</span> <span class='ocrx_word' id='word_1_210' title='bbox 987 2249 1026 2308; x_wconf 85' lang='lat' dir='ltr'>ad</span> <span class='ocrx_word' id='word_1_211' title='bbox 1045 2250 1165 2328; x_wconf 83' lang='lat' dir='ltr'>Pragm.</span> <span class='ocrx_word' id='word_1_212' title='bbox 1179 2251 1274 2312; x_wconf 88' lang='lat' dir='ltr'>Xlll.</span> <span class='ocrx_word' id='word_1_213' title='bbox 1289 2275 1320 2314; x_wconf 88' lang='lat' dir='ltr'>n.</span> <span class='ocrx_word' id='word_1_214' title='bbox 1341 2265 1368 2316; x_wconf 91' lang='lat'>1.</span> 
     </span>
     <span class='ocr_line' id='line_1_21' title="bbox 220 2344 1366 2426; baseline 0.002 -18"><span class='ocrx_word' id='word_1_215' title='bbox 220 2349 279 2408; x_wconf 89' lang='lat' dir='ltr'>Sed</span> <span class='ocrx_word' id='word_1_216' title='bbox 300 2347 436 2426; x_wconf 85' lang='lat' dir='ltr'>exempla</span> <span class='ocrx_word' id='word_1_217' title='bbox 458 2346 569 2405; x_wconf 92' lang='lat' dir='ltr'>ultimae</span> <span class='ocrx_word' id='word_1_218' title='bbox 594 2347 714 2424; x_wconf 84' lang='lat' dir='ltr'>syllabae</span> <span class='ocrx_word' id='word_1_219' title='bbox 737 2345 768 2402; x_wconf 90' lang='lat' dir='ltr'>in</span> <span class='ocrx_word' id='word_1_220' title='bbox 790 2344 846 2403; x_wconf 87' lang='lat' dir='ltr'>hac</span> <span class='ocrx_word' id='word_1_221' title='bbox 867 2344 974 2403; x_wconf 86' lang='lat' dir='ltr'>vocula</span> <span class='ocrx_word' id='word_1_222' title='bbox 995 2357 1138 2424; x_wconf 86' lang='lat' dir='ltr'>correptae</span> <span class='ocrx_word' id='word_1_223' title='bbox 1159 2358 1224 2405; x_wconf 89' lang='lat' dir='ltr'>tum</span> <span class='ocrx_word' id='word_1_224' title='bbox 1246 2350 1366 2410; x_wconf 73' lang='lat' dir='ltr'>rariore</span> 
     </span>
     <span class='ocr_line' id='line_1_22' title="bbox 219 2441 1366 2521; baseline 0.003 -17"><span class='ocrx_word' id='word_1_225' title='bbox 219 2455 297 2517; x_wconf 85' lang='lat' dir='ltr'>sunt,</span> <span class='ocrx_word' id='word_1_226' title='bbox 319 2458 384 2503; x_wconf 91' lang='lat' dir='ltr'>tum</span> <span class='ocrx_word' id='word_1_227' title='bbox 402 2444 501 2508; x_wconf 84' lang='lat' dir='ltr'>etiam,</span> <span class='ocrx_word' id='word_1_228' title='bbox 523 2443 670 2521; x_wconf 84' lang='lat' dir='ltr'>siquidem</span> <span class='ocrx_word' id='word_1_229' title='bbox 690 2451 855 2511; x_wconf 86' lang='lat' dir='ltr'>occurrant,</span> <span class='ocrx_word' id='word_1_230' title='bbox 878 2441 956 2510; x_wconf 88' lang='lat' dir='ltr'>fidei,</span> <span class='ocrx_word' id='word_1_231' title='bbox 980 2452 1015 2500; x_wconf 89' lang='lat' dir='ltr'>ut</span> <span class='ocrx_word' id='word_1_232' title='bbox 1035 2442 1108 2500; x_wconf 89' lang='lat' dir='ltr'>mihi</span> <span class='ocrx_word' id='word_1_233' title='bbox 1130 2444 1252 2520; x_wconf 91' lang='lat' dir='ltr'>quidem</span> <span class='ocrx_word' id='word_1_234' title='bbox 1276 2448 1366 2508; x_wconf 89' lang='lat' dir='ltr'>vide-</span> 
     </span>
     <span class='ocr_line' id='line_1_23' title="bbox 218 2537 1366 2618; baseline -0.003 -17"><span class='ocrx_word' id='word_1_235' title='bbox 218 2555 277 2613; x_wconf 90' lang='lat' dir='ltr'>tur,</span> <span class='ocrx_word' id='word_1_236' title='bbox 298 2543 445 2600; x_wconf 84' lang='lat' dir='ltr'>sublestae.</span> <span class='ocrx_word' id='word_1_237' title='bbox 487 2540 618 2599; x_wconf 83' lang='lat' dir='ltr'>Unicum</span> <span class='ocrx_word' id='word_1_238' title='bbox 636 2540 715 2597; x_wconf 89' lang='lat' dir='ltr'>infra</span> <span class='ocrx_word' id='word_1_239' title='bbox 730 2537 935 2616; x_wconf 80' lang='lat' dir='ltr'>suppeditabit</span> <span class='ocrx_word' id='word_1_240' title='bbox 954 2538 1137 2598; x_wconf 82' lang='lat' dir='ltr'>Philemonis</span> <span class='ocrx_word' id='word_1_241' title='bbox 1151 2541 1176 2598; x_wconf 90' lang='lat' dir='ltr'>F</span> <span class='ocrx_word' id='word_1_242' title='bbox 1177 2561 1272 2618; x_wconf 83' lang='lat' dir='ltr'>regm.</span> <span class='ocrx_word' id='word_1_243' title='bbox 1287 2543 1366 2606; x_wconf 80' lang='lat' dir='ltr'>Vll,</span> 
     </span>
     <span class='ocr_line' id='line_1_24' title="bbox 222 2633 1363 2719; baseline 0.004 -23"><span class='ocrx_word' id='word_1_244' title='bbox 222 2648 246 2696; x_wconf 91' lang='lat' dir='ltr'>l.</span> <span class='ocrx_word' id='word_1_245' title='bbox 270 2638 323 2697; x_wconf 92' lang='lat' dir='ltr'>ubi</span> <span class='ocrx_word' id='word_1_246' title='bbox 340 2649 439 2696; x_wconf 83' lang='lat' dir='ltr'>tamen</span> <span class='ocrx_word' id='word_1_247' title='bbox 466 2635 499 2695; x_wconf 73' lang='lat' dir='ltr'>dv</span> <span class='ocrx_word' id='word_1_248' title='bbox 525 2635 648 2713; x_wconf 85' lang='lat' dir='ltr'>corrigit</span> <span class='ocrx_word' id='word_1_249' title='bbox 670 2635 834 2693; x_wconf 89' lang='lat' dir='ltr'>Bentleius.</span> <span class='ocrx_word' id='word_1_250' title='bbox 858 2633 998 2693; x_wconf 88' lang='lat' dir='ltr'>Alterum</span> <span class='ocrx_word' id='word_1_251' title='bbox 1018 2646 1064 2693; x_wconf 88' lang='lat' dir='ltr'>est</span> <span class='ocrx_word' id='word_1_252' title='bbox 1090 2636 1251 2696; x_wconf 85' lang='lat' dir='ltr'>Menandri</span> <span class='ocrx_word' id='word_1_253' title='bbox 1275 2643 1363 2719; x_wconf 81' lang='lat' dir='ltr'>apud</span> 
     </span>
     <span class='ocr_line' id='line_1_25' title="bbox 219 2727 1363 2811; baseline 0.003 -20"><span class='ocrx_word' id='word_1_254' title='bbox 219 2736 310 2794; x_wconf 86' lang='lat' dir='ltr'>Auct.</span> <span class='ocrx_word' id='word_1_255' title='bbox 330 2734 435 2811; x_wconf 84' lang='lat' dir='ltr'>Comp.</span> <span class='ocrx_word' id='word_1_256' title='bbox 450 2733 590 2792; x_wconf 84' lang='lat' dir='ltr'>Menand.</span> <span class='ocrx_word' id='word_1_257' title='bbox 605 2742 635 2790; x_wconf 85' lang='lat' dir='ltr'>et</span> <span class='ocrx_word' id='word_1_258' title='bbox 648 2729 726 2788; x_wconf 81' lang='lat' dir='ltr'>Phil.</span> <span class='ocrx_word' id='word_1_259' title='bbox 740 2752 770 2809; x_wconf 88' lang='lat' dir='ltr'>p.</span> <span class='ocrx_word' id='word_1_260' title='bbox 785 2729 851 2790; x_wconf 82' lang='lat'>361.</span> <span class='ocrx_word' id='word_1_261' title='bbox 883 2727 932 2788; x_wconf 75' lang='lat' dir='ltr'>e’du</span> <span class='ocrx_word' id='word_1_262' title='bbox 957 2728 1067 2802; x_wconf 79' lang='grc' dir='ltr'>α’γαθοῦ</span> <span class='ocrx_word' id='word_1_263' title='bbox 1092 2729 1122 2789; x_wconf 69' lang='grc' dir='ltr'>δὲ</span> <span class='ocrx_word' id='word_1_264' title='bbox 1147 2736 1273 2804; x_wconf 63' lang='grc' dir='ltr'>γείτονος</span> <span class='ocrx_word' id='word_1_265' title='bbox 1301 2743 1363 2809; x_wconf 69' lang='grc' dir='ltr'>γεί-</span> 
     </span>
     <span class='ocr_line' id='line_1_26' title="bbox 218 2807 1362 2911; baseline 0.003 -25"><span class='ocrx_word' id='word_1_266' title='bbox 218 2854 275 2886; x_wconf 81' lang='grc' dir='ltr'>των</span> <span class='ocrx_word' id='word_1_267' title='bbox 292 2826 355 2911; x_wconf 68' lang='grc' dir='ltr'><strong>ἔσῃ.</strong></span> <span class='ocrx_word' id='word_1_268' title='bbox 397 2829 433 2887; x_wconf 92' lang='lat' dir='ltr'>In</span> <span class='ocrx_word' id='word_1_269' title='bbox 447 2849 507 2906; x_wconf 91' lang='lat' dir='ltr'>quo</span> <span class='ocrx_word' id='word_1_270' title='bbox 520 2828 712 2906; x_wconf 82' lang='lat' dir='ltr'>Fragmento‚</span> <span class='ocrx_word' id='word_1_271' title='bbox 726 2807 826 2904; x_wconf 73' lang='lat' dir='ltr'>inquit</span> <span class='ocrx_word' id='word_1_272' title='bbox 839 2825 1018 2895; x_wconf 89' lang='lat' dir='ltr'>Meiuekius,</span> <span class='ocrx_word' id='word_1_273' title='bbox 1032 2826 1210 2886; x_wconf 81' lang='lat' dir='ltr'>menwrohile</span> <span class='ocrx_word' id='word_1_274' title='bbox 1223 2828 1362 2892; x_wconf 65' lang='lat' dir='ltr'>labemus</span> 
     </span>
     <span class='ocr_line' id='line_1_27' title="bbox 218 2919 1361 3006; baseline 0.003 -23"><span class='ocrx_word' id='word_1_275' title='bbox 218 2925 371 3004; x_wconf 73' lang='lat' dir='ltr'>exemplum</span> <span class='ocrx_word' id='word_1_276' title='bbox 391 2923 598 3004; x_wconf 77' lang='lat' dir='ltr'>conjunctionis</span> <span class='ocrx_word' id='word_1_277' title='bbox 617 2921 665 2981; x_wconf 73' lang='grc' dir='ltr'>ε’ᾰν</span> <span class='ocrx_word' id='word_1_278' title='bbox 682 2942 743 2980; x_wconf 83' lang='lat' dir='ltr'>cum</span> <span class='ocrx_word' id='word_1_279' title='bbox 754 2919 865 2998; x_wconf 80' lang='lat' dir='ltr'>futuro</span> <span class='ocrx_word' id='word_1_280' title='bbox 885 2921 1008 2980; x_wconf 81' lang='lat' dir='ltr'>sociatoe.</span> <span class='ocrx_word' id='word_1_281' title='bbox 1049 2921 1212 2999; x_wconf 86' lang='lat' dir='ltr'>Equidem,</span> <span class='ocrx_word' id='word_1_282' title='bbox 1227 2937 1361 3006; x_wconf 82' lang='lat' dir='ltr'>utroque</span> 
     </span>
     <span class='ocr_line' id='line_1_28' title="bbox 217 3015 1358 3100; baseline 0.002 -21"><span class='ocrx_word' id='word_1_283' title='bbox 217 3020 347 3090; x_wconf 89' lang='lat' dir='ltr'>nomine,</span> <span class='ocrx_word' id='word_1_284' title='bbox 361 3019 438 3079; x_wconf 82' lang='lat' dir='ltr'>hanc</span> <span class='ocrx_word' id='word_1_285' title='bbox 450 3023 531 3099; x_wconf 77' lang='grc' dir='ltr'>ῥῆσιν</span> <span class='ocrx_word' id='word_1_286' title='bbox 547 3019 646 3098; x_wconf 89' lang='lat' dir='ltr'>(mitto</span> <span class='ocrx_word' id='word_1_287' title='bbox 659 3019 724 3096; x_wconf 87' lang='lat' dir='ltr'>ejus</span> <span class='ocrx_word' id='word_1_288' title='bbox 738 3016 859 3094; x_wconf 87' lang='lat' dir='ltr'>stylum,</span> <span class='ocrx_word' id='word_1_289' title='bbox 875 3036 935 3093; x_wconf 92' lang='lat' dir='ltr'>quo</span> <span class='ocrx_word' id='word_1_290' title='bbox 947 3015 1023 3073; x_wconf 91' lang='lat' dir='ltr'>nihil</span> <span class='ocrx_word' id='word_1_291' title='bbox 1035 3017 1208 3098; x_wconf 80' lang='lat' dir='ltr'>insipIdius)</span> <span class='ocrx_word' id='word_1_292' title='bbox 1222 3023 1358 3100; x_wconf 76' lang='lat' dir='ltr'>spuriam</span> 
     </span>
     <span class='ocr_line' id='line_1_29' title="bbox 218 3109 1362 3190; baseline 0.002 -13"><span class='ocrx_word' id='word_1_293' title='bbox 218 3138 291 3187; x_wconf 84' lang='lat' dir='ltr'>esse,</span> <span class='ocrx_word' id='word_1_294' title='bbox 313 3137 347 3178; x_wconf 80' lang='lat' dir='ltr'>ec</span> <span class='ocrx_word' id='word_1_295' title='bbox 368 3116 491 3190; x_wconf 76' lang='grc' dir='ltr'>πονηροῦ</span> <span class='ocrx_word' id='word_1_296' title='bbox 509 3111 661 3186; x_wconf 66' lang='grc' dir='ltr'>κόμματος,</span> <span class='ocrx_word' id='word_1_297' title='bbox 680 3111 781 3170; x_wconf 87' lang='lat' dir='ltr'>nullus</span> <span class='ocrx_word' id='word_1_298' title='bbox 798 3109 912 3169; x_wconf 91' lang='lat' dir='ltr'>dubito.</span> <span class='ocrx_word' id='word_1_299' title='bbox 954 3111 1091 3171; x_wconf 86' lang='lat' dir='ltr'>Tertium</span> <span class='ocrx_word' id='word_1_300' title='bbox 1108 3124 1153 3172; x_wconf 84' lang='lat' dir='ltr'>est</span> <span class='ocrx_word' id='word_1_301' title='bbox 1167 3115 1362 3180; x_wconf 65' lang='lat' dir='ltr'>Pherecratio</span> 
     </span>
     <span class='ocr_line' id='line_1_30' title="bbox 218 3205 1356 3294; baseline 0.001 -22"><span class='ocrx_word' id='word_1_302' title='bbox 218 3212 299 3292; x_wconf 88' lang='lat' dir='ltr'>apud</span> <span class='ocrx_word' id='word_1_303' title='bbox 312 3210 422 3270; x_wconf 86' lang='lat' dir='ltr'>Athen.</span> <span class='ocrx_word' id='word_1_304' title='bbox 436 3209 527 3268; x_wconf 88' lang='lat' dir='ltr'>VIII.</span> <span class='ocrx_word' id='word_1_305' title='bbox 545 3229 574 3287; x_wconf 87' lang='lat' dir='ltr'>p.</span> <span class='ocrx_word' id='word_1_306' title='bbox 589 3216 655 3268; x_wconf 83' lang='grc'><strong>335.</strong></span> <span class='ocrx_word' id='word_1_307' title='bbox 671 3209 708 3265; x_wconf 91' lang='grc' dir='ltr'>Α.</span> <span class='ocrx_word' id='word_1_308' title='bbox 731 3205 897 3282; x_wconf 83' lang='lat' dir='ltr'>corrigente</span> <span class='ocrx_word' id='word_1_309' title='bbox 916 3206 1049 3264; x_wconf 83' lang='lat' dir='ltr'>Porsono</span> <span class='ocrx_word' id='word_1_310' title='bbox 1066 3206 1106 3265; x_wconf 79' lang='lat' dir='ltr'>ad</span> <span class='ocrx_word' id='word_1_311' title='bbox 1123 3209 1279 3288; x_wconf 81' lang='lat' dir='ltr'>Aristoph.</span> <span class='ocrx_word' id='word_1_312' title='bbox 1298 3214 1356 3294; x_wconf 87' lang='lat' dir='ltr'>Eq.</span> 
     </span>
     <span class='ocr_line' id='line_1_31' title="bbox 219 3298 1357 3382; baseline -0.003 -13"><span class='ocrx_word' id='word_1_313' title='bbox 219 3316 285 3369; x_wconf 83' lang='lat'>388.</span> <span class='ocrx_word' id='word_1_314' title='bbox 303 3319 333 3366; x_wconf 82' lang='lat' dir='ltr'>et</span> <span class='ocrx_word' id='word_1_315' title='bbox 350 3307 454 3365; x_wconf 66' lang='lat' dir='ltr'>Traeis</span> <span class='ocrx_word' id='word_1_316' title='bbox 470 3325 500 3382; x_wconf 92' lang='lat' dir='ltr'>p.</span> <span class='ocrx_word' id='word_1_317' title='bbox 515 3311 583 3363; x_wconf 70' lang='lat'>255.</span> <span class='ocrx_word' id='word_1_318' title='bbox 613 3298 764 3374; x_wconf 73' lang='grc' dir='ltr'>μηδέποτ’</span> <span class='ocrx_word' id='word_1_319' title='bbox 781 3301 870 3381; x_wconf 72' lang='grc' dir='ltr'>ἰχθῦν,</span> <span class='ocrx_word' id='word_1_320' title='bbox 889 3299 911 3360; x_wconf 78' lang='lat' dir='ltr'>oi</span> <span class='ocrx_word' id='word_1_321' title='bbox 931 3302 1099 3373; x_wconf 76' lang='grc' dir='ltr'>Δευκαλίων,</span> <span class='ocrx_word' id='word_1_322' title='bbox 1122 3303 1183 3375; x_wconf 78' lang='grc' dir='ltr'>μηδ’</span> <span class='ocrx_word' id='word_1_323' title='bbox 1204 3303 1253 3364; x_wconf 68' lang='grc' dir='ltr'>εἰῖν</span> <span class='ocrx_word' id='word_1_324' title='bbox 1274 3311 1357 3380; x_wconf 60' lang='lat' dir='ltr'>oiri,</span> 
     </span>
     <span class='ocr_line' id='line_1_32' title="bbox 217 3395 1354 3484; baseline -0.002 -23"><span class='ocrx_word' id='word_1_325' title='bbox 217 3403 346 3484; x_wconf 65' lang='grc' dir='ltr'>παραθῇς</span> <span class='ocrx_word' id='word_1_326' title='bbox 368 3426 423 3474; x_wconf 78' lang='grc' dir='ltr'><strong>μοι.</strong></span> <span class='ocrx_word' id='word_1_327' title='bbox 450 3399 503 3458; x_wconf 93' lang='lat' dir='ltr'>ubi</span> <span class='ocrx_word' id='word_1_328' title='bbox 525 3399 616 3476; x_wconf 80' lang='lat' dir='ltr'>vulgo</span> <span class='ocrx_word' id='word_1_329' title='bbox 636 3396 679 3455; x_wconf 73' lang='grc' dir='ltr'><strong>ἂν.</strong></span> <span class='ocrx_word' id='word_1_330' title='bbox 722 3396 825 3454; x_wconf 81' lang='lat' dir='ltr'>Malim</span> <span class='ocrx_word' id='word_1_331' title='bbox 845 3395 885 3466; x_wconf 78' lang='grc' dir='ltr'>ἢν,</span> <span class='ocrx_word' id='word_1_332' title='bbox 905 3417 974 3454; x_wconf 91' lang='lat' dir='ltr'>cum</span> <span class='ocrx_word' id='word_1_333' title='bbox 996 3396 1162 3456; x_wconf 86' lang='lat' dir='ltr'>Diodorlio.</span> <span class='ocrx_word' id='word_1_334' title='bbox 1204 3400 1354 3473; x_wconf 75' lang='lat' dir='ltr'>Quartum</span> 
     </span>
     <span class='ocr_line' id='line_1_33' title="bbox 217 3490 1357 3573; baseline -0.005 -16"><span class='ocrx_word' id='word_1_335' title='bbox 217 3497 339 3558; x_wconf 86' lang='lat' dir='ltr'>exhibet</span> <span class='ocrx_word' id='word_1_336' title='bbox 353 3494 510 3555; x_wconf 81' lang='lat' dir='ltr'>Menandri</span> <span class='ocrx_word' id='word_1_337' title='bbox 521 3495 604 3552; x_wconf 85' lang='lat' dir='ltr'>locus</span> <span class='ocrx_word' id='word_1_338' title='bbox 617 3492 698 3571; x_wconf 83' lang='lat' dir='ltr'>apud</span> <span class='ocrx_word' id='word_1_339' title='bbox 707 3490 859 3551; x_wconf 80' lang='lat' dir='ltr'>Plutarch.</span> <span class='ocrx_word' id='word_1_340' title='bbox 872 3490 909 3550; x_wconf 89' lang='lat' dir='ltr'>de</span> <span class='ocrx_word' id='word_1_341' title='bbox 923 3491 1019 3550; x_wconf 80' lang='lat' dir='ltr'>Fretr.</span> <span class='ocrx_word' id='word_1_342' title='bbox 1029 3511 1086 3550; x_wconf 83' lang='lat' dir='ltr'>am.</span> <span class='ocrx_word' id='word_1_343' title='bbox 1100 3513 1130 3572; x_wconf 87' lang='lat' dir='ltr'>p.</span> <span class='ocrx_word' id='word_1_344' title='bbox 1141 3501 1207 3565; x_wconf 80' lang='lat'>479.</span> <span class='ocrx_word' id='word_1_345' title='bbox 1222 3497 1255 3557; x_wconf 88' lang='lat' dir='ltr'>C.</span> <span class='ocrx_word' id='word_1_346' title='bbox 1282 3499 1357 3573; x_wconf 58' lang='grc' dir='ltr'><strong>ἄγα.</strong></span> 
     </span>
     <span class='ocr_line' id='line_1_34' title="bbox 217 3585 1356 3674; baseline 0 -20"><span class='ocrx_word' id='word_1_347' title='bbox 217 3595 264 3654; x_wconf 70' lang='lat' dir='ltr'>tob</span> <span class='ocrx_word' id='word_1_348' title='bbox 281 3593 411 3663; x_wconf 67' lang='grc' dir='ltr'>ἕκαστος,</span> <span class='ocrx_word' id='word_1_349' title='bbox 433 3590 481 3652; x_wconf 76' lang='lat' dir='ltr'>ebir</span> <span class='ocrx_word' id='word_1_350' title='bbox 500 3589 555 3672; x_wconf 78' lang='grc' dir='ltr'>ἔχη</span> <span class='ocrx_word' id='word_1_351' title='bbox 577 3594 659 3667; x_wconf 74' lang='grc' dir='ltr'>φίλον</span> <span class='ocrx_word' id='word_1_352' title='bbox 682 3586 769 3647; x_wconf 78' lang='grc' dir='ltr'><strong>σκιάν.</strong></span> <span class='ocrx_word' id='word_1_353' title='bbox 811 3587 872 3648; x_wconf 87' lang='lat' dir='ltr'>Sed</span> <span class='ocrx_word' id='word_1_354' title='bbox 892 3588 933 3647; x_wconf 80' lang='lat' dir='ltr'>lbi</span> <span class='ocrx_word' id='word_1_355' title='bbox 955 3585 989 3646; x_wconf 77' lang='lat' dir='ltr'>dr</span> <span class='ocrx_word' id='word_1_356' title='bbox 1006 3588 1218 3668; x_wconf 78' lang='lat' dir='ltr'>corrigendum</span> <span class='ocrx_word' id='word_1_357' title='bbox 1237 3597 1356 3674; x_wconf 82' lang='lat' dir='ltr'>opinor,</span> 
     </span>
     <span class='ocr_line' id='line_1_35' title="bbox 215 3683 1355 3771; baseline 0.002 -20"><span class='ocrx_word' id='word_1_358' title='bbox 215 3703 306 3771; x_wconf 90' lang='lat' dir='ltr'>prout</span> <span class='ocrx_word' id='word_1_359' title='bbox 319 3690 390 3751; x_wconf 82' lang='lat' dir='ltr'>citat</span> <span class='ocrx_word' id='word_1_360' title='bbox 402 3690 466 3768; x_wconf 81' lang='lat' dir='ltr'>ipse</span> <span class='ocrx_word' id='word_1_361' title='bbox 483 3686 660 3746; x_wconf 73' lang='lat' dir='ltr'>Plutarchus</span> <span class='ocrx_word' id='word_1_362' title='bbox 674 3683 710 3744; x_wconf 91' lang='lat' dir='ltr'>de</span> <span class='ocrx_word' id='word_1_363' title='bbox 726 3685 822 3745; x_wconf 84' lang='lat' dir='ltr'>Amic.</span> <span class='ocrx_word' id='word_1_364' title='bbox 837 3684 922 3742; x_wconf 92' lang='lat' dir='ltr'>mult.</span> <span class='ocrx_word' id='word_1_365' title='bbox 935 3705 965 3762; x_wconf 90' lang='lat' dir='ltr'>p.</span> <span class='ocrx_word' id='word_1_366' title='bbox 976 3693 1023 3754; x_wconf 86' lang='lat'>93.</span> <span class='ocrx_word' id='word_1_367' title='bbox 1036 3686 1068 3744; x_wconf 88' lang='lat' dir='ltr'>C.</span> <span class='ocrx_word' id='word_1_368' title='bbox 1109 3686 1258 3759; x_wconf 89' lang='lat' dir='ltr'>Quintum</span> <span class='ocrx_word' id='word_1_369' title='bbox 1276 3693 1355 3753; x_wconf 72' lang='lat' dir='ltr'>infra</span> 
     </span>
     <span class='ocr_line' id='line_1_36' title="bbox 217 3780 1355 3868; baseline 0.002 -20"><span class='ocrx_word' id='word_1_370' title='bbox 217 3787 420 3868; x_wconf 80' lang='lat' dir='ltr'>suppeditabit</span> <span class='ocrx_word' id='word_1_371' title='bbox 433 3784 609 3865; x_wconf 83' lang='lat' dir='ltr'>Apollodori</span> <span class='ocrx_word' id='word_1_372' title='bbox 623 3783 743 3860; x_wconf 81' lang='lat' dir='ltr'>Progm.</span> <span class='ocrx_word' id='word_1_373' title='bbox 760 3783 811 3840; x_wconf 92' lang='lat' dir='ltr'>1v.</span> <span class='ocrx_word' id='word_1_374' title='bbox 834 3782 886 3839; x_wconf 93' lang='lat' dir='ltr'>ubi</span> <span class='ocrx_word' id='word_1_375' title='bbox 901 3780 1011 3839; x_wconf 89' lang='lat' dir='ltr'>viden.</span> <span class='ocrx_word' id='word_1_376' title='bbox 1026 3789 1054 3840; x_wconf 83' lang='lat'>4.</span> <span class='ocrx_word' id='word_1_377' title='bbox 1095 3783 1219 3844; x_wconf 90' lang='lat' dir='ltr'>Sextum</span> <span class='ocrx_word' id='word_1_378' title='bbox 1238 3799 1284 3848; x_wconf 85' lang='lat' dir='ltr'>est</span> <span class='ocrx_word' id='word_1_379' title='bbox 1297 3791 1355 3850; x_wconf 86' lang='lat' dir='ltr'>co-</span> 
     </span>
     <span class='ocr_line' id='line_1_37' title="bbox 217 3875 1356 3964; baseline -0.006 -23"><span class='ocrx_word' id='word_1_380' title='bbox 217 3884 285 3942; x_wconf 86' lang='lat' dir='ltr'>mlcl</span> <span class='ocrx_word' id='word_1_381' title='bbox 298 3882 403 3942; x_wconf 85' lang='lat' dir='ltr'>incerti</span> <span class='ocrx_word' id='word_1_382' title='bbox 416 3880 499 3959; x_wconf 75' lang='lat' dir='ltr'>apud</span> <span class='ocrx_word' id='word_1_383' title='bbox 512 3879 603 3939; x_wconf 85' lang='lat' dir='ltr'>Clem.</span> <span class='ocrx_word' id='word_1_384' title='bbox 617 3878 704 3938; x_wconf 80' lang='lat' dir='ltr'>Alex.</span> <span class='ocrx_word' id='word_1_385' title='bbox 719 3877 826 3937; x_wconf 84' lang='lat' dir='ltr'>Strom·</span> <span class='ocrx_word' id='word_1_386' title='bbox 841 3875 915 3934; x_wconf 93' lang='lat' dir='ltr'>VlI.</span> <span class='ocrx_word' id='word_1_387' title='bbox 929 3896 959 3954; x_wconf 87' lang='grc' dir='ltr'>Ρ.</span> <span class='ocrx_word' id='word_1_388' title='bbox 971 3883 1037 3936; x_wconf 75' lang='grc'><strong>842.</strong></span> <span class='ocrx_word' id='word_1_389' title='bbox 1070 3876 1229 3960; x_wconf 66' lang='grc' dir='ltr'>α’λεκτρυνῗν</span> <span class='ocrx_word' id='word_1_390' title='bbox 1246 3883 1356 3964; x_wconf 75' lang='grc' dir='ltr'><strong>τρεφό.</strong></span> 
     </span>
     <span class='ocr_line' id='line_1_38' title="bbox 216 3969 1355 4054; baseline 0.002 -18"><span class='ocrx_word' id='word_1_391' title='bbox 216 4003 294 4050; x_wconf 66' lang='grc' dir='ltr'>μενος</span> <span class='ocrx_word' id='word_1_392' title='bbox 309 3975 357 4036; x_wconf 70' lang='grc' dir='ltr'>ε’ἂν</span> <span class='ocrx_word' id='word_1_393' title='bbox 376 3975 425 4053; x_wconf 75' lang='grc' dir='ltr'>αφ’</span> <span class='ocrx_word' id='word_1_394' title='bbox 442 3972 571 4054; x_wconf 59' lang='grc' dir='ltr'><strong>ἑσπέρας.</strong></span> <span class='ocrx_word' id='word_1_395' title='bbox 600 3973 651 4032; x_wconf 83' lang='lat' dir='ltr'>ubi</span> <span class='ocrx_word' id='word_1_396' title='bbox 670 3972 775 4032; x_wconf 78' lang='lat' dir='ltr'>itidem</span> <span class='ocrx_word' id='word_1_397' title='bbox 788 3969 822 4029; x_wconf 77' lang='lat' dir='ltr'>dr</span> <span class='ocrx_word' id='word_1_398' title='bbox 835 3969 946 4029; x_wconf 79' lang='lat' dir='ltr'>malim.</span> <span class='ocrx_word' id='word_1_399' title='bbox 983 3972 1054 4030; x_wconf 87' lang='lat' dir='ltr'>Duo</span> <span class='ocrx_word' id='word_1_400' title='bbox 1066 3973 1203 4035; x_wconf 76' lang='lat' dir='ltr'>Alexidis</span> <span class='ocrx_word' id='word_1_401' title='bbox 1219 3988 1250 4036; x_wconf 80' lang='lat' dir='ltr'>et</span> <span class='ocrx_word' id='word_1_402' title='bbox 1270 3979 1355 4039; x_wconf 82' lang='lat' dir='ltr'>Phil·</span> 
     </span>
     <span class='ocr_line' id='line_1_39' title="bbox 217 4065 1356 4149; baseline 0.002 -17"><span class='ocrx_word' id='word_1_403' title='bbox 217 4073 299 4132; x_wconf 82' lang='lat' dir='ltr'>etaeri</span> <span class='ocrx_word' id='word_1_404' title='bbox 322 4072 394 4143; x_wconf 88' lang='lat' dir='ltr'>loca,</span> <span class='ocrx_word' id='word_1_405' title='bbox 415 4072 445 4130; x_wconf 91' lang='lat' dir='ltr'>in</span> <span class='ocrx_word' id='word_1_406' title='bbox 468 4071 577 4149; x_wconf 85' lang='lat' dir='ltr'>quibus</span> <span class='ocrx_word' id='word_1_407' title='bbox 600 4068 656 4140; x_wconf 70' lang='lat' dir='ltr'>ido,</span> <span class='ocrx_word' id='word_1_408' title='bbox 679 4069 783 4128; x_wconf 82' lang='lat' dir='ltr'>ultime</span> <span class='ocrx_word' id='word_1_409' title='bbox 806 4065 904 4142; x_wconf 80' lang='lat' dir='ltr'>longa,</span> <span class='ocrx_word' id='word_1_410' title='bbox 926 4065 1048 4144; x_wconf 90' lang='lat' dir='ltr'>reliquit</span> <span class='ocrx_word' id='word_1_411' title='bbox 1071 4069 1256 4141; x_wconf 82' lang='lat' dir='ltr'>Dindorfiue,</span> <span class='ocrx_word' id='word_1_412' title='bbox 1275 4075 1356 4134; x_wconf 76' lang='lat' dir='ltr'>infre</span> 
     </span>
     <span class='ocr_line' id='line_1_40' title="bbox 218 4161 1356 4244; baseline 0.003 -16"><span class='ocrx_word' id='word_1_413' title='bbox 218 4167 372 4228; x_wconf 83' lang='lat' dir='ltr'>emendate</span> <span class='ocrx_word' id='word_1_414' title='bbox 386 4168 454 4227; x_wconf 91' lang='lat' dir='ltr'>vide</span> <span class='ocrx_word' id='word_1_415' title='bbox 468 4168 498 4227; x_wconf 90' lang='lat' dir='ltr'>in</span> <span class='ocrx_word' id='word_1_416' title='bbox 512 4189 540 4226; x_wconf 91' lang='lat' dir='ltr'>n.</span> <span class='ocrx_word' id='word_1_417' title='bbox 558 4178 581 4228; x_wconf 88' lang='grc'>1.</span> <span class='ocrx_word' id='word_1_418' title='bbox 599 4166 636 4226; x_wconf 83' lang='lat' dir='ltr'>ad</span> <span class='ocrx_word' id='word_1_419' title='bbox 652 4162 837 4244; x_wconf 80' lang='lat' dir='ltr'>Appendicis</span> <span class='ocrx_word' id='word_1_420' title='bbox 856 4161 974 4239; x_wconf 84' lang='lat' dir='ltr'>Fragm.</span> <span class='ocrx_word' id='word_1_421' title='bbox 990 4161 1155 4225; x_wconf 82' lang='lat' dir='ltr'>XXXVII.</span> <span class='ocrx_word' id='word_1_422' title='bbox 1198 4168 1234 4227; x_wconf 93' lang='lat' dir='ltr'>In</span> <span class='ocrx_word' id='word_1_423' title='bbox 1249 4169 1356 4231; x_wconf 81' lang='lat' dir='ltr'>Alexi-</span> 
     </span>
     <span class='ocr_line' id='line_1_41' title="bbox 218 4256 1356 4346; baseline 0.001 -23"><span class='ocrx_word' id='word_1_424' title='bbox 218 4265 263 4326; x_wconf 79' lang='grc'><strong>(113</strong></span> <span class='ocrx_word' id='word_1_425' title='bbox 281 4264 346 4322; x_wconf 83' lang='lat' dir='ltr'>loco</span> <span class='ocrx_word' id='word_1_426' title='bbox 367 4263 447 4340; x_wconf 72' lang='lat' dir='ltr'>apud</span> <span class='ocrx_word' id='word_1_427' title='bbox 465 4265 564 4323; x_wconf 79' lang='lat' dir='ltr'>Athen</span> <span class='ocrx_word' id='word_1_428' title='bbox 580 4263 633 4321; x_wconf 91' lang='lat' dir='ltr'>Vl.</span> <span class='ocrx_word' id='word_1_429' title='bbox 655 4283 684 4339; x_wconf 84' lang='grc' dir='ltr'>Ρ.</span> <span class='ocrx_word' id='word_1_430' title='bbox 699 4269 765 4320; x_wconf 78' lang='grc'><strong>241.</strong></span> <span class='ocrx_word' id='word_1_431' title='bbox 782 4257 816 4316; x_wconf 83' lang='grc' dir='ltr'>Β.</span> <span class='ocrx_word' id='word_1_432' title='bbox 851 4256 912 4316; x_wconf 71' lang='lat' dir='ltr'>odii</span> <span class='ocrx_word' id='word_1_433' title='bbox 933 4257 989 4338; x_wconf 68' lang='grc' dir='ltr'>γᾶρ</span> <span class='ocrx_word' id='word_1_434' title='bbox 1010 4258 1106 4319; x_wconf 61' lang='grc' dir='ltr'>ἐκεῖνος</span> <span class='ocrx_word' id='word_1_435' title='bbox 1132 4261 1180 4322; x_wconf 62' lang='lat' dir='ltr'>dab</span> <span class='ocrx_word' id='word_1_436' title='bbox 1206 4269 1279 4346; x_wconf 66' lang='grc' dir='ltr'>καλῇ</span> <span class='ocrx_word' id='word_1_437' title='bbox 1302 4295 1356 4334; x_wconf 58' lang='grc' dir='ltr'>τις,</span> 
     </span>
    </p>
   </div>
   <div class='ocr_carea' id='block_1_7' title="bbox 0 0 1500 5010">
    <p class='ocr_par' dir='ltr' id='par_1_7' title="bbox 0 0 1500 5010">
     <span class='ocr_line' id='line_1_42' title="bbox 0 0 1500 5010; baseline 0 2"><span class='ocrx_word' id='word_1_438' title='bbox 0 0 1500 5010; x_wconf 95' lang='lat' dir='ltr'> </span> 
     </span>
    </p>
   </div>
  </div>
 </body>
</html>
