2990 5010
580 396 770 446 soranus.
1204 380 1247 448 99

113 569 160 629 nit
178 569 288 628 Athen.
309 565 395 630 xlv.
408 591 438 650 p
452 570 519 632 620.
533 593 595 652 seq.
634 574 683 634 De
704 583 800 633 metro
821 569 961 630 Sotadico
983 569 1157 630 consulendi
1178 579 1248 628 sunt

115 664 279 724 Hermann.
305 667 399 726 Elem.
420 667 523 728 Doctr.
544 672 633 729 Metr.
650 670 691 729 11.
706 679 753 738 37.
772 678 799 738 7.
821 667 969 727 Gaisford.
986 667 1025 726 ad
1044 666 1198 747 Hepbrest.
1216 687 1247 745 p.

114 768 181 822 318.
201 781 262 841 seq.

173 867 184 896 ²
216 875 236 902 “
251 867 383 940 Ἀγαθδα,
412 868 519 946 eriperis,
547 869 655 943 δίκαιος,
684 869 802 951 εὖτυχνίε
829 868 859 928 dr
891 867 926 928 dr
955 869 992 950 ζῇ
1029 866 1248 926 Hermannus.”

111 963 288 1023 'Gusronu
329 965 416 1024 Istud
430 965 474 1024 eei
487 968 596 1028 omittit
612 968 701 1027 etiam
715 965 902 1026 Gaisfordius
920 965 959 1024 ad
973 963 1127 1044 Hepboest
1141 983 1171 1040 p.
1182 970 1251 1022 320.

172 1060 183 1090 ⁸
203 1059 254 1118 τᾶν
267 1059 369 1138 φθόνον
384 1063 547 1123 Hermann.
588 1064 636 1123 Ita
648 1063 737 1123 etiarn
752 1063 889 1122 Trincav.
903 1072 934 1121 et
943 1061 1009 1120 MS.
1019 1063 1057 1120 A.
1070 1059 1153 1139 apud
1164 1058 1250 1117 Gais-

113 1155 257 1217 sordium.

171 1263 220 1298 ⁴“
230 1262 314 1344 μερίδ’
336 1262 355 1334 ἢ
377 1258 472 1339 μιῖμον
491 1265 710 1326 Hermannus.”
751 1263 922 1324 Gusrono.
972 1262 1025 1320 Ad
1049 1259 1108 1321 loci
1132 1270 1249 1320 senten-

113 1355 186 1416 tiam
210 1359 407 1419 conferendus
428 1361 520 1439 Soph.
540 1361 590 1441 Aj.
611 1371 676 1429 157.
716 1360 787 1441 aptis
816 1357 871 1440 γᾶρ
901 1353 953 1414 *rob
979 1353 1073 1438 ἔχονθ’
1100 1355 1119 1412 d
1148 1352 1249 1432 φθόνο.

108 1451 199 1534 ἕρπει.
241 1457 289 1515 De
314 1456 553 1536 interpunctione
578 1469 646 1536 post
672 1457 754 1531 ἄγαν,
784 1467 814 1516 et
840 1456 872 1514 in
894 1474 976 1532 seqq.
1003 1453 1072 1512 vids
1096 1471 1187 1530 supra
1212 1449 1251 1509 ad

114 1549 251 1609 Alexidis
265 1551 384 1629 Fragm.
399 1552 460 1611 111.
474 1572 503 1611 n.
517 1561 545 1612 2.

170 1654 312 1726 ⁶Scribe,
333 1673 401 1716 cum
423 1658 606 1728 Hermanno,
624 1653 710 1729 ἐστὶν,
732 1658 813 1737 quod
831 1667 961 1716 metrum
981 1653 1104 1731 flagitat.
1144 1651 1187 1709 Et
1207 1650 1250 1709 sic

110 1748 302 1809 Gaisfordius
322 1751 361 1810 ad
375 1753 531 1831 Hepbaest.
544 1774 576 1832 p.
591 1761 656 1814 320.

172 1858 183 1891 ⁶
203 1861 316 1936 “ue'yas
333 1862 395 1922 ε’στν
416 1868 557 1945 τεχνίτης,
575 1865 674 1946 α’τυχῆ
687 1863 813 1934 πεποίηκ’
829 1862 915 1922 αὐτόν
934 1858 1116 1921 Hermann?
1155 1857 1250 1916 Gals-

112 1973 206 2016 moan.
248 1959 339 2018 Recte
363 1953 403 2017 τὶν
430 1959 540 2019 delevit
568 1961 770 2030 Hermannus,
798 1958 862 2019 sed'
872 1957 949 2017 male
973 1955 1122 2023 πεποίηκεν
1140 1952 1173 2010 in
1199 1975 1251 2009 τε·

110 2048 205 2120 uolne'
225 2054 361 2124 mutavit,
384 2064 489 2126 metro,
510 2066 544 2115 ut
558 2055 632 2114 mihi
648 2054 770 2134 quidem
791 2053 920 2123 videtur,
937 2070 1059 2132 prorsus
1072 2048 1250 2126 refragante.

171 2164 183 2196 ⁷
202 2168 223 2198 “
233 2163 339 2234 Possis,
361 2165 385 2224 si
401 2159 477 2246 opus
498 2166 546 2236 sit,
565 2165 607 2224 δεῖ
623 2165 703 2244 φύσει
723 2163 892 2224 erdo-Vide
908 2163 1010 2223 meod
1029 2159 1152 2221 Porsoni
1165 2158 1250 2217 Aris·

109 2257 271 2337 tophauica
284 2281 315 2338 p.
330 2262 395 2330 98.''
429 2262 529 2319 Doara.
562 2266 601 2343 τῇ
614 2260 695 2339 φύσει
709 2263 775 2320 MS.
790 2262 824 2319 B.
838 2260 920 2340 apud
933 2256 1146 2318 Gaiefordium.
1186 2252 1250 2310 D'o-

109 2350 185 2414 braei
207 2354 444 2416 emendationem
464 2357 597 2436 postulat
614 2359 662 2418 vel
677 2358 737 2417 loci
757 2356 909 2417 sententia.
949 2355 1044 2414 Verte
1061 2349 1204 2429 Anglice:
1226 2347 1250 2404 it

111 2449 139 2508 ia
157 2471 177 2509 o
196 2450 315 2510 natural
328 2468 516 2531 consequence
535 2453 598 2511 slat
616 2453 651 2510 lie
668 2453 730 2511 soleo
752 2451 778 2510 ie
799 2450 970 2520 ooo-suited,
988 2452 1041 2509 &o
1081 2447 1122 2506 Et
1134 2464 1250 2503 comma

110 2556 182 2624 post
203 2544 343 2619 νικνίμενσν
362 2548 570 2618 amovendum,
591 2565 661 2607 cum
682 2548 863 2606 Hermanno.

171 2658 317 2718 ⁰lterum
337 2660 433 2720 scribe
454 2653 541 2729 ioris,
563 2680 632 2719 cum
653 2659 836 2729 Hermanno,
858 2669 955 2717 metro
974 2657 1152 2736 postulante.

172 2763 183 2794 ⁰
202 2764 340 2824 Incertus
355 2765 438 2844 apud
458 2764 543 2824 Stob.
557 2761 593 2823 Τ.
610 2773 674 2825 105.
689 2773 736 2825 51.
765 2761 849 2838 6γκου
869 2761 898 2821 dd
917 2762 1040 2836 μεγάλου
1062 2763 1166 2837 πταῖμα
1188 2767 1249 2838 γίγ-

109 2881 190 2917 νεται
206 2857 286 2932 μέγα.
328 2851 438 2922 corno:
454 2869 484 2919 et
502 2861 716 2938 Fragmentum
736 2859 863 2937 insigne,
881 2856 963 2936 quo'd
983 2857 1127 2935 Euripidi
1142 2859 1250 2920 tribuit

110 2952 250 3014 Stobaeus
265 2957 301 3014 T.
316 2964 363 3015 22.
378 2964 405 3016 5.
424 2955 481 3036 (ita
494 2955 584 3015 etiam
600 2955 722 3015 collect.
737 2954 882 3034 impressa
894 2973 963 3014 cum
977 2953 1092 3012 callim.
1112 2954 1158 3013 ed.
1175 2957 1249 3016 Fro-

110 3049 194 3126 ben.)
213 3048 392 3119 Pbilistioni,
414 3045 477 3108 sive
495 3050 673 3123 Philemoni,
694 3052 810 3109 Auctor
825 3050 962 3127 Compar.
981 3049 1062 3107 Men.
1076 3059 1107 3108 et
1128 3050 1204 3109 Phil.
1218 3073 1249 3130 p.

112 3143 179 3206 360.
205 3146 317 3205 Anton.
332 3143 444 3206 Meliss.
464 3140 596 3206 XXXV.
616 3167 647 3225 p.
664 3151 710 3207 52.
738 3145 904 3206 Menandro
924 3155 1025 3204 autem
1046 3145 1140 3204 codex
1164 3147 1248 3206 Stob.

111 3240 206 3299 Paris.
224 3241 304 3319 apud
325 3241 481 3300 Grotium:
517 3241 589 3298 ὅταν
609 3240 630 3298 δ’
650 3239 684 3319 (δ’
698 3241 824 3302 inseruit
846 3239 1035 3299 Meinekius:
1066 3238 1115 3299 e’de
1134 3242 1247 3301 Anton.

112 3335 240 3413 Meliss.)
261 3334 316 3415 ibpe
335 3333 408 3415 'npds
429 3334 507 3410 ὕψος
529 3335 643 3416 ἠρμένον
663 3361 733 3405 τινα,
755 3335 760 3417 Ι
780 3337 902 3420 λαμπρῷ
921 3359 954 3394 τε
976 3333 1088 3415 ultori-rep
1109 3335 1153 3392 eal
1179 3335 1248 3409 γένει

112 3428 305 3510 γαυρούμενον,
326 3428 332 3509 Ι
350 3427 440 3510 ὀφρύν
461 3454 495 3488 τε
515 3431 598 3510 μείζω
622 3432 673 3501 τῆς
690 3430 780 3512 τύχης
800 3429 953 3512 ἐπηρκότα,
975 3430 981 3511 Ι
1001 3429 1106 3488 το6τον
1127 3439 1249 3512 ταχεῖαν

112 3525 217 3597 νέμεσιν
231 3525 304 3585 sidric
320 3525 409 3605 (ἥξειν
423 3529 513 3586 Auct-
527 3528 678 3605 Compar.)
700 3525 855 3607 προσδόκα.
878 3526 883 3608 Ι
902 3526 1050 3607 ἐπαίρεται
1072 3526 1128 3610 peip
1143 3530 1247 3608 μεῖζον,

111 3623 156 3680 ἵνα
180 3622 273 3702 μεῖζον
295 3619 378 3703 πέσῃ.
405 3622 457 3681 ubi
480 3643 508 3681 v.
522 3630 549 3682 2.
570 3622 763 3681 adumbratus
784 3623 875 3682 fuisse
896 3622 1015 3682 videtur
1034 3644 1071 3683 ex
1091 3624 1248 3703 Euripidis

113 3715 301 3776 Sthenoboeae
318 3717 498 3794 Fragmento
511 3715 593 3795 apud
607 3715 690 3774 Stob.
706 3715 744 3774 T.
758 3717 805 3778 65.
821 3726 866 3778 15.
896 3715 1018 3775 uolanis
1033 3715 1064 3777 δὲ
1074 3717 1188 3800 πλούτῳ
1205 3717 1249 3778 καὶ

112 3810 182 3886 γε’νει
209 3809 415 3894 γαυρουμένους.
456 3811 595 3874 Juvenal.
611 3813 648 3872 Χ.
660 3819 724 3872 104.
746 3812 783 3872 de
805 3813 932 3893 Sejano:
968 3813 1025 3880 Qui
1046 3814 1148 3874 nimios
1167 3827 1247 3897 opla-

111 3907 161 3966 bel
185 3907 302 3966 honores
320 3906 328 3988 l
348 3917 374 3966 et
392 3906 497 3966 nimios
522 3905 655 3986 poscebat
682 3927 758 3988 opes,
789 3928 935 3968 numerose
957 3909 1088 3988 parabat
1109 3909 1114 3992 Ι
1133 3912 1248 3972 excelse

112 4003 206 4063 turris
228 4003 368 4075 tabulato,
395 4005 468 4064 uude
493 4003 580 4063 altior
605 4011 676 4063 esset
697 4003 702 4086 Ι
722 4023 806 4062 casus
834 4014 861 4064 et
886 4003 1016 4086 impulse
1038 4025 1170 4087 preceps
1195 4008 1248 4068 im-

111 4119 196 4158 nacae
212 4098 313 4159 ruinae.
346 4098 501 4160 claudian.
516 4097 614 4158 Rufin.
628 4099 653 4157 1.
668 4107 714 4160 22.
752 4099 902 4160 Tollantur
918 4102 948 4160 in
965 4101 1064 4173 altum,
1086 4101 1092 4182 Ι
1111 4112 1142 4163 ul
1163 4103 1247 4186 lupae
1355 4133 1357 4138 ·

105 4188 246 4273 ,graviore
269 4203 364 4253 ruent.
405 4192 481 4267 Quae
509 4195 569 4254 duo
591 4195 656 4254 loca
682 4215 750 4255 cum
777 4195 869 4256 altero
896 4197 1078 4276 comparavit
1104 4197 1246 4262 Clericus.

113 4287 269 4348 Minucius
289 4288 375 4348 Felix
392 4311 421 4368 p.
436 4295 501 4351 sto.
541 4283 648 4349 Miseri
668 4289 698 4349 in
716 4287 767 4350 hec*
786 4285 873 4352 allius
893 4291 1037 4364 tollentur,
1064 4295 1096 4353 ue
1117 4295 1248 4358 decidant

108 4381 208 4443 ultius.
249 4385 364 4445 Locum
384 4386 567 4465 comparavit
587 4385 768 4446 Melnekius.

1058 4487 1148 4572 7--2
