2990 5010
595 363 836 417 nraun'anan.
1228 357 1293 428 149

145 543 215 603 Nec
236 545 372 622 profecto
389 547 421 604 in
437 545 523 604 ὁπότ’
539 548 576 604 ἂν
598 547 653 626 (ita
674 549 764 608 etiam
786 549 947 610 Elmsleius
965 551 1069 628 Eurip.
1085 550 1195 609 Bacch.
1209 553 1291 628 381.)

144 661 224 719 aqua
245 641 374 700 multum
398 643 502 713 haeret,
525 644 631 703 collato
650 643 752 724 Heyn.
766 645 805 704 ad
819 645 910 704 Hom.
926 646 961 704 ll.
976 647 1010 702 Φ.
1026 653 1091 706 340.
1116 658 1146 706 et
1164 647 1291 705 Excurs.

146 735 200 794 IV.
214 735 252 794 ad
267 735 292 794 I.
307 735 374 808 698.
394 759 485 817 quem
509 739 579 798 vide
603 739 693 799 etiam
707 740 747 798 ad
768 739 810 798 H.
824 749 891 800 415.
930 740 1024 813 Quod
1047 761 1118 799 vero
1138 741 1177 799 ad
1197 739 1240 799 ἐπ’
1260 739 1294 799 dv

144 831 261 900 attinet,
285 853 321 890 ea
341 834 448 902 forma,
469 844 505 892 ut
525 834 600 893 mihi
621 835 743 912 quidem
763 835 892 905 videtur,
913 856 975 895 nou
992 836 1067 895 adeo
1082 836 1169 896 facile
1188 836 1291 896 defen-

145 925 242 985 detur.
285 927 396 987 Scribit
409 949 478 988 sane
492 929 693 1007 Etymologus
707 931 855 1006 Magnus:
876 929 966 1000 Ἐπιὶν
982 930 1012 990 ἐκ
1031 933 1082 989 τοῦ
1100 930 1156 1003 ἐάν,
1174 930 1220 988 ἄν·
1247 930 1291 988 καὶ

145 1021 221 1092 μετά
245 1025 296 1093 τῆς
317 1021 361 1082 ἐπὶ
382 1019 552 1104 προθέσεως,
571 1021 651 1084 ἐπάν·
676 1024 720 1082 καὶ
741 1023 871 1097 Ἰωνικός,
897 1024 974 1096 ε’πνὶν.
1017 1027 1063 1086 lta
1088 1026 1211 1104 quidem
1230 1026 1290 1086 ille.

145 1119 206 1178 Sed
226 1141 296 1181 vere
318 1119 423 1179 statuit
444 1121 485 1180 H.
499 1119 669 1200 Stephanus
687 1121 720 1179 in
739 1122 861 1192 Lexieo,
883 1121 962 1194 ἐπάν,
982 1123 1122 1202 (Ionibus
1145 1123 1290 1184 recentio-

145 1216 229 1274 ribus
248 1214 348 1294 ἐπεάν)
372 1236 433 1274 non
454 1236 491 1274 ex
512 1215 558 1276 ἐπὶ
578 1226 609 1276 et
629 1216 672 1286 a,
692 1215 742 1296 (ex
760 1217 811 1278 ἐάν
831 1220 886 1297 sc.)
909 1217 961 1278 sed
984 1237 1021 1277 ex
1044 1217 1103 1278 ἐπεὶ
1129 1229 1160 1279 et
1181 1216 1216 1277 aiv
1235 1238 1290 1298 po-

144 1312 259 1371 tentiali
279 1311 440 1371 conflatum
460 1331 533 1370 esse.
574 1312 625 1371 Sic
646 1322 677 1372 et
699 1311 743 1382 dv,
769 1314 858 1373 latius
880 1312 938 1384 ε’ᾰι,
967 1314 1091 1374 Ionibus
1117 1314 1289 1392 Atticisque

144 1406 364 1486 antiquioribus
385 1405 426 1479 ἣν,
447 1427 483 1466 ex
504 1413 527 1464 εἰ
549 1417 580 1465 et
600 1404 635 1465 aiv
653 1409 811 1486 potentiali
831 1409 927 1468 fluxit.
968 1409 1101 1487 Etymol.
1116 1409 1198 1488 Mag.
1224 1407 1292 1470 Ἐάν

143 1500 172 1560 ἐκ
200 1503 253 1560 τοῧ
275 1509 297 1560 εἶ
316 1505 487 1560 συναπτικοῦ
507 1499 657 1575 συνδέσμου
684 1503 728 1561 rai
752 1506 805 1562 τοῦ
830 1502 864 1562 άν
887 1505 1198 1583 παραπληρωματιιιού,
1218 1508 1290 1578 γίνε-

142 1623 193 1656 ται
215 1597 280 1656 εἲάν·
309 1599 353 1656 καλ
377 1597 517 1678 α’ποβολῇ
538 1599 592 1655 τοῦ
613 1625 630 1668 ι,
651 1597 708 1659 ε’άν.
751 1600 908 1670 Burneios,
929 1599 1063 1680 Monihly
1081 1600 1207 1672 Reaiem,
1228 1599 1288 1660 Au-

141 1701 220 1772 gost,
237 1701 321 1764 1799.
335 1715 366 1772 p.
380 1702 447 1754 430.
468 1692 523 1750 ’Ἂν
545 1693 648 1752 should
664 1692 698 1752 be
712 1693 779 1765 Ἢν,
801 1694 894 1754 radici
916 1693 942 1752 ir
962 1701 985 1754 εἴ
1005 1693 1046 1753 ἄν.
1088 1695 1184 1772 (Vide
1198 1717 1288 1775 supra

142 1789 182 1848 ad
204 1788 387 1867 Antiphanis
407 1788 529 1866 Fragm.
546 1788 639 1847 XIII.
660 1809 694 1846 n.
712 1798 741 1848 2.
765 1800 796 1849 et
819 1789 858 1848 ad
885 1791 988 1849 Nostri
1010 1791 1131 1868 Fragm.
1150 1791 1177 1849 l.
1198 1790 1289 1872 114.)

144 1884 236 1942 Hom.
252 1883 288 1942 Il.
302 1883 340 1942 Α.
357 1890 422 1943 185.
452 1889 475 1941 ei
495 1881 523 1942 δέ
543 1908 572 1941 κε
593 1882 632 1956 μά
654 1881 766 1942 δύωσιν.
785 1885 838 1943 ubi
859 1884 908 1945 ἐάν
925 1884 956 1944 δὲ
975 1885 1015 1959 μή·
1033 1886 1115 1944 δύσιν
1136 1885 1289 1946 Theodori

142 1982 236 2040 Gazae
250 1979 451 2058 paraphrasis.
490 1979 533 2038 Et
545 1981 584 2035 Δ.
598 1987 646 2050 98.
674 1982 708 2036 αἵ
727 1987 771 2039 ιἰεν
796 1980 840 2062 iis,
861 1979 1010 2040 Μενέλαον
1031 1980 1139 2063 άριῖιόν.
1161 1982 1215 2040 ubi
1240 1981 1289 2042 ε’άν

140 2074 281 2145 θεάσηται
293 2071 441 2133 Μενέλαον
454 2072 506 2132 τάν
519 2073 670 2147 πολεμικδν
683 2075 787 2135 eadem
802 2075 1004 2155 paraphrasis.
1035 2077 1117 2136 Vide
1131 2076 1286 2136 Thier'soh.

142 2174 197 2234 Gr.
206 2173 259 2231 Gr.
270 2171 298 2247 ᾗ.
313 2171 513 2231 CCCXXIX.
527 2179 555 2230 2.
569 2192 599 2229 ιι.
613 2172 639 2230 b.
654 2193 678 2230 c.
693 2172 719 2229 d.
742 2171 890 2231 Matthiaei
910 2173 965 2232 Gr.
979 2175 1033 2232 Gr.
1052 2183 1118 2234 523.
1141 2183 1167 2234 1.
1204 2173 1285 2234 Prae·

141 2271 220 2330 clare
233 2280 333 2329 autem
347 2278 377 2327 et
390 2269 526 2346 apposite
541 2269 612 2327 citat
627 2268 668 2326 H.
678 2269 850 2346 Stephanus
865 2267 1028 2331 111414.
1050 2270 1082 2329 ού
1106 2271 1161 2352 γάρ
1180 2269 1222 2331 ἔτ’
1234 2270 1286 2328 ἄλ·

142 2377 177 2435 λη
200 2363 205 2446 Ι
223 2362 308 2424 ἔσται
330 2361 475 2442 θαλπωρή,
496 2361 555 2420 ἐπεὶ
574 2361 608 2420 civ
626 2365 695 2435 σύγε
715 2361 828 2436 πάτμον
844 2363 972 2444 ἐπίσπῃς.
1012 2366 1057 2425 Et
1068 2386 1172 2425 rursus
1185 2366 1209 2424 Ι.
1219 2373 1286 2424 304.

141 2465 186 2522 νῦν
206 2461 262 2541 γάρ
282 2460 312 2541 χ’
329 2457 447 2537 Ἕκτορ’
463 2457 546 2529 ἕλοις,
567 2458 626 2522 ἐπεὶ
649 2457 684 2517 cir
703 2459 780 2532 μάλα
800 2488 846 2518 τοι
868 2460 974 2541 σχκδθν
991 2460 1066 2544 ἔλθῃ.
1108 2463 1173 2522 Neo
1186 2462 1286 2522 minos

140 2561 180 2620 ad
200 2580 265 2619 rem
282 2567 355 2619 sunt
372 2557 536 2633 sequentia
579 2556 613 2614 ll.
627 2557 665 2615 A.
683 2556 748 2617 168.
776 2557 831 2631 ἐγω
849 2557 870 2616 δ’
890 2557 988 2632 ’ὀλίγον
1008 2584 1042 2618 τε
1064 2562 1150 2636 φίλον
1160 2585 1195 2622 τε
1216 2558 1222 2639 Ι
1240 2556 1286 2640 ἔρ-

142 2655 211 2736 χομ’
235 2651 312 2734 ἔχων
331 2650 378 2710 ἐπὶ
400 2654 473 2721 νῆας,
500 2651 560 2710 ἐπεί
587 2676 616 2709 κε
643 2649 720 2724 κάμω
744 2653 911 2732 πολεμίζων.
951 2654 991 2712 Et
1006 2655 1046 2712 H.
1062 2662 1088 2713 5.
1117 2654 1151 2713 άς
1175 2653 1209 2714 de*
1223 2653 1288 2712 θεάς

140 2749 272 2830 ναύτῃσιν
294 2743 496 2819 ἐελδομένοισιν
521 2743 618 2805 ἔδωκεν
638 2746 644 2826 Ι
665 2744 758 2826 οὖρον,
785 2746 847 2805 ἕποι’
865 2773 896 2806 ιιε
909 2746 1036 2820 ιιάμωσιν
1052 2747 1201 2830 ε’ύξέστῃά
1219 2750 1285 2810 ε’λά-

140 2871 207 2926 uper
227 2843 231 2923 i
249 2842 354 2900 πόντον
367 2839 538 2910 ἐλαύνοντες,
555 2868 577 2900 κ.
593 2869 621 2898 τ.
633 2855 660 2898 λ.
703 2840 763 2910 Sic,
777 2863 846 2902 cum
859 2843 1043 2913 Aristarcho,
1056 2855 1087 2904 et
1101 2845 1284 2918 Herodiano,

141 2943 301 3018 utrobique
322 2939 484 3016 legendum
506 2950 559 3007 est,
584 2939 755 2996 faventibus
778 2939 855 2999 Ven.
871 2942 908 2998 A.
923 2952 952 2999 et
967 2940 1005 2999 B.
1023 2943 1155 3020 itemque
1175 2943 1284 3003 Eusta-

139 3038 214 3107 tbio,
234 3037 286 3115 qui
301 3034 392 3094 ἐπεὶκε
411 3033 532 3106 κάμωσιν
545 3033 637 3092 habet
650 3034 681 3091 in
695 3034 767 3114 *loco
783 3036 957 3112 posteriore.
998 3037 1180 3115 (Conjuncte
1194 3041 1285 3098 etiam

137 3133 229 3192 ἐπείκε
252 3131 456 3208 scriptumest
476 3129 533 3188 Od.
549 3131 584 3188 A.
595 3137 664 3188 221.
675 3127 714 3188 Ξ.
732 3137 796 3190 153.
810 3130 847 3190 P.
859 3139 905 3190 23.
942 3131 1042 3203 Quam
1056 3133 1182 3190 formam
1199 3135 1283 3210 equi-

138 3229 209 3288 dem
223 3224 415 3306 praetulerim.
452 3223 641 3302 Hesychius:
655 3222 788 3294 Ἐπεὶκεν,
808 3223 924 3284 ἐπειδάν.
960 3226 1062 3286 Idem:
1083 3226 1194 3307 ’Enclx’
1214 3225 1285 3300 ὦμεν

138 3322 284 3396 πολέμοιο.
311 3319 421 3380 ἐπειδάν
447 3321 634 3401 πληρωθιύμεν
660 3321 712 3378 τοῦ
736 3317 870 3390 πολέμου.
913 3322 973 3380 Ubi
992 3321 1170 3399 particulam
1191 3323 1284 3383 disse·

138 3419 202 3480 cuit
225 3417 389 3485 Albertius,
414 3435 504 3494 quam
526 3415 684 3492 conjuncte
708 3416 868 3494 utrobique
890 3417 1011 3477 exbibet
1034 3418 1154 3478 Aldina.
1197 3419 1282 3480 Idem

138 3527 238 3575 tamen
252 3513 343 3592 paulo
358 3521 441 3590 post:
461 3508 542 3568 Ἐπεί
559 3508 589 3590 χ’
606 3508 694 3583 ἕωμεν
708 3510 805 3588 [male
820 3510 957 3590 Toupius
969 3511 1051 3572 Ἐπεί
1065 3510 1086 3570 κ’
1098 3510 1214 3596 dapes]
1228 3537 1283 3572 τοι

137 3609 245 3680 sipoto.
272 3607 326 3667 ubi
350 3607 398 3666 vel
423 3606 455 3664 in
468 3604 582 3664 Aldina
600 3604 728 3664 dissecta
749 3615 796 3664 est
812 3607 967 3684 particula.
1009 3608 1070 3668 Sed
1088 3608 1155 3668 baec
1172 3609 1282 3686 glossa,

138 3715 175 3765 ut
195 3704 310 3783 opinor,
334 3701 504 3761 adulterina
526 3710 587 3771 est;
621 3720 677 3760 nec
703 3699 790 3760 facile
814 3700 852 3760 de
876 3701 981 3761 eodem
1007 3702 1083 3772 loco,
1109 3723 1219 3782 nempe
1245 3703 1282 3764 Il.

138 3802 175 3861 T.
199 3808 267 3860 too.
293 3798 340 3857 bis
367 3797 510 3857 cecinerit
535 3794 675 3855 cordatus
694 3795 949 3875 lexicographua.)
993 3797 1135 3876 Heynius
1158 3796 1227 3867 ἐπάν
1253 3826 1282 3860 κε

136 3894 299 3973 utrobique
318 3894 459 3972 praefert3
485 3891 567 3970 quod
591 3892 751 3951 barbarum
775 3902 830 3961 est,
856 3891 982 3970 perinde
1008 3892 1090 3952 acsi
1115 3891 1175 3952 ἐπεὶ
1196 3890 1230 3951 dv
1249 3894 1284 3960 <iv

136 3991 256 4052 dixeris.
303 3989 405 4068 Vulgo
432 3988 544 4066 legitur
567 3985 637 4057 ἐπάν
664 3984 781 4059 κεκάμω,
811 3997 842 4046 et
867 3985 937 4056 invio
965 3984 1114 4060 κεκάμωσι.
1165 3989 1282 4070 Nempe

135 4089 264 4168 priscam
287 4086 477 4166 scripturam,
496 4084 585 4164 cujus
604 4083 742 4143 meminit
759 4081 850 4142 otiam
869 4083 1001 4160 Etymol.
1019 4083 1105 4161 Mag.
1125 4096 1155 4147 et
1174 4086 1284 4148 exinde

135 4185 268 4262 Etymol.
281 4182 364 4242 Gud.
383 4201 544 4260 corrupere
561 4180 738 4240 somnolenti
761 4177 886 4248 librarii,
904 4199 1050 4238 memores
1068 4182 1282 4243 vocabulorum

137 4282 370 4341 Homericorum
394 4276 555 4348 ιςειὲάδοντο,
579 4277 718 4348 κεκύθωσι,
738 4273 897 4355 λελάχητε,
921 4274 1088 4347 λελάθοντο,
1109 4281 1282 4354 πεπιθοῖμην,
