2990 5010
592 377 808 428 TIMOCLES'.

124 579 127 594 “
179 561 326 637 τούς
279 594 349 659 ’γαρ
371 596 563 661 τραγιοοους
588 595 729 660 πρωτον,
747 594 781 632 ·ει
773 561 935 650 ’βούλεμ
960 559 1102 640 eudred,

176 675 216 747 ὦς
240 678 481 776 ὥφελονσι’
434 683 568 757 παντας.
610 680 629 752 6
653 679 711 761 μὲν
736 677 778 751 ὢν
803 675 964 773 'ydp7'
920 711 1016 762 πενης

176 792 453 892 πτωχότερον
415 829 515 867 αντου
501 791 739 872 καταμαθῶν
764 826 822 866 τον
845 790 1023 890 Τήλεφονῦ

178 909 354 1000 ’γενόμενον
379 909 453 999 ἥ6η9
480 913 541 996 τὴν
567 913 679 984 πενίαν
701 913 782 1009 ῥᾷον
807 908 916 1008 φέρει·

177 1025 195 1095 ὁ
221 1035 321 1100 νοσῶν
344 1025 378 1099 δὲ
401 1035 561 1108 μανικῶς10
586 1029 775 1114 Ἀλκμέων’11
803 1025 990 1120 ἑσκὲφατο·

177 1143 351 1240 ὀφθαλμιᾷ
377 1151 465 1232 rtem,
489 1150 550 1218 sini
575 1139 713 1216 Φινεῖδαι
740 1146 904 1240 nummii.

177 1261 313 1347 τέθνηκέ
339 1296 387 1355 τῳ
413 1269 500 1347 ταῖς,
528 1263 547 1347 ἡ
573 1262 684 1364 Νιόβη
708 1259 889 1358 κεκούφικε.

177 1377 284 1474 χωλός
308 1386 358 1452 τίς
388 1380 475 1465 ἐστι,
502 1381 562 1450 τδν
585 1377 794 1463 Φιλοκτήτην
819 1376 891 1470 ὁρᾷ.

125 1525 132 1536 ·
172 1493 281 1589 *γέρων
307 1529 354 1570 τις
382 1497 512 1592 ἀτυχεῖ,
540 1495 721 1577 κατέμαθεν
746 1492 806 1564 τ6ν
831 1494 942 1566 Οἷνὲα.

174 1609 307 1682 ἅπαντα
329 1612 402 1708 ’γᾶρ
430 1612 474 1683 τᾶ
497 1612 613 1710 μείζον’
636 1611 655 1695 ἢ
682 1608 827 1682 πέπονθέ
853 1614 929 1681 τις14

176 1726 364 1824 ἀτυχήματ’
389 1725 504 1805 ἄλλοις
530 1727 691 1821 ’γεγονότ’
718 1725 916 1807 ἐννοούμενος

180 1844 240 1916 τοὶς
266 1845 363 1921 αὐτὸς
386 1845 486 1915 αὑτοῦ
511 1846 680 1942 συμφορὰς
707 1843 787 1936 ῥᾷον
813 1847 946 1941 φὲρειω.

722 1963 1160 2031 ΔΙΟΝΥΣΙΑΖΟΥΣΑΙΣ.

664 2090 757 2168 Apud
771 2091 902 2147 Arnum
917 2087 970 2145 VI.
984 2094 1092 2176 μω.
1108 2084 1221 2143 B.-D.

206 2259 212 2287 ¹
235 2258 345 2316 Totum
360 2258 574 2334 Fragmentum
588 2257 688 2316 attulit
702 2257 785 2315 Stob.
802 2256 836 2315 Τ.
854 2262 916 2315 124.
933 2264 977 2325 19.

204 2368 456 2429 '“Scribebatur
475 2366 556 2427 rdv.''
586 2365 748 2427 Drunonr.
779 2365 833 2425 τᾶν
846 2367 934 2426 etiam
949 2367 1032 2424 Stob.
1047 2365 1169 2424 Gesner.
1202 2363 1265 2422 ’τᾶν

125 2463 194 2543 (pro
219 2463 288 2524 ἐτοῖν
315 2467 367 2543 εα.)
395 2464 605 2525 Gaisfordius..
633 2463 782 2532 Formam,
807 2483 897 2540 quam
922 2462 1056 2541 praetulit
1078 2459 1263 2530 Dindoriius,

125 2559 248 2619 exhibet
261 2560 470 2638 Aristophanis
488 2560 535 2618 ed.
548 2559 618 2618 Ald.
633 2577 661 2618 ν.
675 2580 704 2636 g.
719 2558 799 2617 Plut.
810 2557 857 2618 66.
873 2555 1049 2628 Naurum.
1064 2557 1221 2636 (Bekker.)
1236 2569 1267 2616 et

124 2657 245 2734 passim,
268 2656 299 2714 ni
321 2651 415 2714 fallor.
456 2651 672 2734 l'lepwwne'noe
692 2655 781 2713 etiam
809 2653 943 2713 scribunt
964 2651 1107 2730 Etymoll.
1130 2655 1211 2732 Mag.
1236 2665 1266 2713 et

125 2748 206 2809 Gud.
227 2750 260 2807 in
280 2748 379 2807 Ώτᾶν.
420 2749 562 2808 Photius:
584 2747 659 2807 Τᾶνε
680 2749 784 2830 ἑταῖρε,
802 2748 821 2818 ἢ
839 2748 881 2806 σμ’.
922 2744 960 2805 In
974 2748 1120 2826 Hesychii
1133 2750 1179 2809 ed.
1194 2749 1264 2809 Ald.

118 2845 159 2904 Ὦ
181 2845 235 2903 τᾶν
252 2847 396 2924 scriptum
410 2857 464 2914 est,
479 2845 532 2904 ubi
546 2844 714 2924 exponitur,
730 2841 807 2914 ὦσι),
822 2839 959 2924 dirersis·
981 2841 1003 2901 ὦ
1022 2839 1114 2902 οὗτος·
1135 2841 1157 2902 ὦ
1175 2843 1264 2918 μακά-

123 2966 176 3020 ριε.
199 2939 352 3022 πρόσρημα
373 2942 516 3014 τιμητικῆς
537 2937 646 3020 λέξεως.

203 3053 242 3086 ‘³‘
234 3053 354 3112 “Recte
369 3052 534 3111 Stobaeusd
536 3053 608 3110 οκιῖί
611 3047 874 3110 ’nunnoni
876 3048 932 3107 onai
954 3049 1087 3110 altero“
1098 3073 1158 3110 non
1182 3054 1264 3113 dete-

124 3145 199 3207 rins
200 3148 407 3225 ’pronunciat
427 3146 600 3227 Walpolius.
641 3145 730 3220 λέγειν
751 3173 778 3203 τι
806 3158 888 3206 verte
909 3166 1004 3204 verum
1031 3145 1134 3217 dicere,
1159 3148 1266 3208 collato

125 3243 218 3323 Soph.
242 3243 312 3301 OEd.
335 3244 368 3301 R.
396 3249 481 3309 1475.
523 3243 609 3302 Plato
627 3243 740 3302 Theaet.
764 3262 794 3320 p.
813 3240 879 3301 456.
908 3241 1068 3300 Heindorf.
1092 3241 1164 3316 λέγω
1191 3270 1219 3300 τι
1246 3243 1265 3312 ἢ

124 3337 216 3409 addim
240 3342 275 3398 Θ.
293 3335 351 3396 Nai
367 3338 458 3408 ἀληθῆ
476 3363 517 3412 γε.
559 3334 638 3398 Vide
652 3339 746 3398 Zeun.
760 3351 790 3397 et
805 3339 968 3396 Hermann.
983 3338 1021 3396 ad
1034 3338 1138 3416 Viger.
1152 3360 1181 3418 p.
1199 3349 1271 3400 152.

126 3435 237 3494 Totum
259 3436 426 3493 membrum
446 3434 557 3511 frigide
575 3434 665 3492 vertit
683 3433 834 3510 Reisigius
852 3432 936 3509 Conj.
954 3433 985 3489 in
1004 3433 1156 3512 Aristoph.
1172 3454 1201 3512 p.
1216 3442 1263 3494 25.

125 3531 151 3587 si
172 3530 242 3609 qnid
260 3529 311 3588 tibi
332 3530 461 3589 dicturus
481 3528 585 3588 videor.

203 3643 254 3677 ⁴“
263 3642 349 3701 Libri
369 3641 534 3722 dveipavol'
574 3641 736 3698 Dmnonr.
776 3641 892 3700 Locum
915 3643 1031 3701 dudum
1053 3642 1263 3703 emendaverat

126 3735 300 3818 Walpolius,
314 3749 420 3798 notans
433 3739 555 3796 alteram
569 3737 695 3794 formam
707 3736 862 3795 barbaram
876 3759 948 3797 esse.
989 3738 1066 3796 Vide
1080 3738 1211 3797 Lobeck.
1225 3740 1263 3798 ad

126 3832 288 3911 Phrynich.
302 3854 332 3912 p.
349 3842 412 3903 139.
435 3833 567 3892 Meinek.
581 3831 619 3889 ad
634 3830 775 3888 Menand.
789 3852 818 3909 p.
833 3830 881 3891 60.

203 3945 213 3974 ⁵
234 3942 382 4001 ...κιαι
402 3943 432 4000 κ
445 3944 485 4001 Η.
501 3943 602 4021 Steph.

202 4049 252 4088 ‘²‘
263 4054 390 4113 Versum
411 4055 492 4113 hunc
515 4074 584 4113 cum
606 4065 734 4132 quatuor
753 4056 946 4132 sequentibus
965 4056 1037 4114 citat
1059 4055 1213 4117 Bentleius
1231 4061 1262 4118 in

125 4150 222 4228 Epist.
250 4149 289 4207 ad
316 4149 462 4208 Miliium:
499 4170 567 4227 quae
589 4161 689 4208 autem
715 4149 758 4207 ibi
785 4149 831 4207 vir·
857 4149 1046 4208 doctissimus
1072 4153 1198 4228 protulit
1224 4155 1261 4214 de

126 4245 337 4305 Alemaeomdis
355 4246 507 4324 scriptore,
526 4267 561 4304 ea
577 4265 684 4324 parum
702 4263 772 4304 vera
789 4265 852 4304 esse
875 4245 1028 4304 confirmat
1045 4245 1191 4326 Toupius,
1209 4254 1261 4329 qui

126 4341 275 4400 videndus
294 4341 326 4397 in
347 4340 476 4398 Emend.
498 4341 529 4398 in
551 4341 684 4409 suidam,
705 4340 771 4398 Vol.
786 4340 828 4398 11.
849 4358 878 4418 p.
894 4343 977 4406 475?
1017 4341 1169 4402 Wnnnou.

225 4447 246 4507 8
