2990 5010
589 353 829 406 trunsum.
1209 341 1276 405 133

144 526 285 605 Append
300 530 387 588 Suid.
398 530 450 589 diu
465 543 533 591 ante
545 534 566 593 J
567 533 719 616 aeobsium
731 533 863 606 dederat,
872 543 994 594 notante
1006 531 1145 591 Dobraeo.
1175 529 1276 594 “Imi-

144 632 224 680 tatus
250 633 296 682 est
321 625 401 685 hune
423 625 522 687 locum
544 629 588 689 M.
601 629 742 692 Aurelius
761 629 782 687 1.
796 628 839 690 11.
854 649 879 689 o.
895 636 942 696 17.
966 626 1066 706 δβὶας
1089 624 1210 708 eirenae
1231 624 1277 685 καὶ

144 713 224 798 ξένον
239 717 397 793 dordonia-’⁹
438 723 571 782 Cnnnlo.

202 841 214 874 ⁷
234 840 372 920 Heringa
389 843 504 902 κλοπαὶ

203 961 216 990 ⁸
241 959 276 1019 du
302 963 416 1043 rrpriror
437 960 558 1045 driltlgrr
585 991 619 1035 κ.,
645 965 777 1024 Meineli.
804 965 862 1025 hoc
886 974 1005 1024 notato:
1042 964 1120 1023 “Ita
1142 963 1277 1022 distinxit

148 1055 296 1115 Porsonus
313 1058 395 1136 apud
416 1058 566 1118 Gaisford.
579 1060 618 1118 ad
631 1059 739 1138 Eurip.
753 1059 861 1139 Suppl.
872 1080 903 1139 p.
916 1068 983 1127 207.
997 1059 1096 1120 Oxon.
1112 1055 1277 1117 καταλύσεις

146 1148 227 1210 hand
243 1151 334 1210 dubie
349 1152 519 1232 intelligens
536 1154 574 1213 de
591 1153 763 1213 divertoriit.
803 1155 903 1233 Vulgo
918 1153 953 1212 dv
971 1179 1019 1234 πρ.
1037 1150 1167 1235 ἀπέλθῃς,
1187 1177 1277 1210 κατα-

146 1245 234 1307 λύσεις
259 1247 293 1323 β.
318 1249 402 1327 quod
429 1250 525 1310 varias
549 1250 668 1330 peperit
694 1251 886 1330 conjecturas.
932 1250 1028 1310 Bentl.
1054 1249 1090 1309 oi
1115 1247 1279 1308 καταλύσεις

145 1341 270 1418 βέλτιον.
309 1342 435 1405 Jacobs.
448 1345 555 1406 Addit.
575 1346 614 1404 tid
633 1345 707 1404 Ath.
727 1367 758 1424 p·
779 1353 827 1406 20.
861 1345 904 1403 κα1
925 1358 1029 1405 καταλ.
1047 1343 1083 1420 β.
1124 1343 1275 1423 Heringa:

145 1435 180 1496 du
203 1463 251 1519 πρ.
277 1436 420 1521 α’πελεθσῃ
443 1439 607 1498 καταλύσεις
630 1437 757 1512 βέλτιον,
781 1461 840 1518 qua
865 1440 960 1500 forma
985 1458 1072 1499 nemo
1098 1440 1278 1500 comicorum

147 1555 218 1594 usus
232 1539 302 1596 estl'
343 1536 446 1607 Recte,
460 1537 543 1615 quod
555 1537 594 1596 ad
607 1537 733 1596 Por-soni
746 1536 975 1609 distinctionem,
988 1537 1130 1616 quodque
1146 1537 1185 1596 ad
1197 1536 1279 1596 vocis

148 1629 314 1691 καταλύσεις
340 1625 585 1712 significationem
610 1633 726 1692 attinet.
765 1631 824 1691 Sed
848 1631 940 1712 πρῶτ’
965 1631 1017 1690 α’π.
1040 1632 1083 1709 (h.
1097 1653 1123 1692 e.
1143 1630 1278 1712 ἀπέλθῃς)

141 1725 323 1804 varcemidora,
345 1726 380 1802 β.
404 1729 526 1787 Porson.
544 1739 576 1789 et
597 1728 689 1787 Burn.
712 1727 789 1788 ‚The
808 1727 941 1812 Monthly
958 1727 1081 1798 Reoiew,
1100 1728 1175 1808 Aug.
1195 1735 1278 1798 1799.

147 1845 178 1902 p.
193 1832 259 1884 430.
278 1835 400 1884 notante
421 1826 561 1895 Dobraeo,
585 1824 727 1884 suadente
747 1823 836 1884 etiam
856 1813 992 1882 Elmsleii
1012 1843 1123 1884 canone
1145 1823 1279 1892 metrico,

148 1940 238 1999 supra
249 1930 412 1979 memorato
424 1920 456 1978 in
469 1940 498 1978 n.
511 1928 537 1980 5.
551 1918 589 1978 ad
602 1908 785 1978 Phoenieidai
796 1906 1017 1997 Fregmentum.
1056 1919 1103 1980 Ita
1116 1919 1204 1978 etiam
1217 1919 1280 1979 edi·

147 2024 212 2074 tum
225 2015 306 2094 apud
317 2015 480 2094 Walpolp.
490 2023 536 2082 37.
555 2015 607 2093 qui
625 2025 655 2074 et
672 2014 713 2086 ἣν,
730 2035 787 2093 pro
802 2012 844 2080 do,
863 2014 962 2086 habet,
975 2017 1066 2092 prout
1082 2025 1178 2075 exstat
1190 2015 1279 2074 etiam

146 2110 179 2168 in
196 2110 256 2171 Tire
269 2110 401 2190 Montdly
412 2110 536 2170 Reviso.
556 2110 633 2169 Vide
642 2131 734 2190 supra
746 2110 785 2169 ad
793 2108 973 2188 Antiphanis
985 2111 1104 2188 Fragm.
1113 2110 1204 2170 XIII.
1214 2119 1279 2171 n-Q.

178 2279 182 2286 ,
203 2222 216 2252 ⁸
236 2221 402 2299 “Heringa
421 2221 440 2278 α’
459 2219 489 2282 ie*
508 2247 556 2301 πρ.
574 2248 598 2279 κ.
615 2222 666 2280 α’π.
706 2219 803 2300 Atqui
827 2220 963 2278 xorrtdoor
985 2220 1189 2299 penultimam
1209 2241 1279 2298 pro·

148 2317 239 2376 ducit
268 2317 416 2375 Porsonus
437 2315 454 2373 o*
475 2341 523 2396 πρ.
544 2314 564 2374 δ’
586 2315 734 2377 ἐκοπίασεν
753 2313 907 2387 ἀπολέσας,
929 2315 1009 2394 quod
1028 2334 1133 2376 verum
1149 2314 1278 2375 videtur.

74 2467 83 2485 ,
141 2413 303 2492 ’Ψγὶῐεηῢ.
316 2413 356 2472 ad
369 2412 521 2472 Plutarch·¹
538 2433 569 2492 p.
584 2422 649 2474 113.
666 2414 700 2472 C.
724 2434 780 2492 pro
805 2410 943 2470 κοπιάαας
968 2410 1053 2471 dedit
1078 2411 1188 2470 κοπινῖν.
1227 2410 1280 2472 Ad

140 2507 292 2568 α’πόλεσεν
302 2508 436 2586 intellige
449 2506 577 2584 ἐφόδια.’·’
618 2508 770 2568 Mummi.
857 2513 858 2522 ’

139 2649 143 2656 ·
207 2639 230 2670 ¹⁰
247 2631 294 2698 lta
307 2639 375 2698 MS.
389 2640 428 2698 A.
440 2638 522 2718 apud
536 2638 684 2698 Gaisford.
718 2639 833 2718 Vulgo:
855 2638 917 2720 εὗρ’.
1030 2633 1032 2638 ’

206 2761 225 2791 ¹¹
247 2760 391 2820 “Soloeoe
408 2761 492 2819 Grot.
509 2758 620 2819 πόθεν.”
660 2760 812 2819 Mnnnrn.
853 2760 936 2819 πόθεν
956 2761 1045 2825 etium
1061 2760 1202 2822 Clericus.

142 2925 145 2938 .
208 2876 228 2905 ¹¹
248 2872 364 2934 “diddo
393 2881 428 2934 εἰς
459 2872 573 2954 χρόνον,
605 2874 655 2953 qui
688 2872 719 2932 in
747 2873 832 2932 vitam
858 2874 929 2934 veuit
957 2873 1006 2932 diu
1040 2875 1079 2934 ibi
1109 2883 1281 2940 meruimus.

142 2969 232 3038 Male
257 2969 361 3048 igitur,
382 2990 439 3030 nee
461 2989 552 3028 unam
575 2971 626 3028 ob'
640 2989 758 3028 causam
781 2968 867 3040 mele,
891 2970 1043 3047 Wyttenb.
1060 2970 1112 3032 l.l.
1133 2973 1279 3032 correxit:

146 3064 251 3136 ἀπῆλθ’
273 3062 348 3146 ἔχων
373 3071 409 3124 εἷς
435 3064 473 3123 τδ
498 3063 600 3146 χρεόν.
645 3064 758 3124 Vocem
783 3063 936 3124 εὐθανάτως
961 3085 979 3124 e
1005 3065 1126 3126 Cratino
1152 3069 1281 3132 servoVIt

118 3187 125 3203 =
149 3163 259 3222 Pollux
272 3162 333 3222 ΙΙΙ.
347 3162 412 3224 106.
446 3161 569 3221 Sueton.
580 3183 598 3220 a
611 3160 726 3220 Clerioo
737 3161 876 3220 laudatus
892 3160 974 3239 Aug·
988 3181 1013 3222 c.
1026 3171 1074 3233 99.
1095 3161 1150 3221 sits·
1173 3172 1199 3226 et
1221 3164 1280 3222 suis

141 3258 313 3316 ,αὖθανασίαν
325 3255 451 3328 similem,
465 3257 517 3316 keo
528 3254 602 3316 enim
619 3253 701 3316 verbo
716 3255 758 3314 uti
769 3255 884 3326 solebat,
897 3256 1075 3342 precabatur.
1116 3258 1280 3322 Menander

144 3374 196 3434 ap.
209 3353 322 3414 Athen.
339 3374 370 3432 p.
384 3360 452 3423 549.
464 3371 490 3412 c.
511 3350 631 3410 θάνατος
652 3349 810 3410 εὐθάνατος.
858 3352 920 3412 cfr.
938 3351 1119 3431 Posidippus
1133 3367 1188 3432 ap:
1199 3354 1282 3414 Stob.

146 3450 245 3510 Serm.
266 3449 379 3510 CXIX.
400 3469 432 3527 p.
453 3455 520 3518 597.
547 3445 598 3516 τῆς
624 3445 784 3506 &taraciae
809 3454 939 3528 κρεῖττον
964 3445 1041 3507 odite
1066 3447 1193 3529 εὔχεται.
1234 3451 1281 3510 Ita

147 3545 244 3606 codex
258 3565 308 3624 ap.
319 3543 455 3604 Brunck.
469 3544 552 3602 Poes.
566 3541 636 3600 Eth.
650 3561 682 3619 p.
693 3546 760 3602 341.
773 3561 831 3620 pro
841 3541 1004 3601 ddoruoior.
1042 3543 1186 3604 Similiter
1199 3545 1281 3624 apud

143 3640 296 3718 ‚Artemii
322 3639 459 3700 Ouiroor.
473 3637 515 3714 ΙΙ.
527 3644 577 3703 37.
600 3633 702 3706 ἄδηλος
726 3636 838 3715 legitur
860 3657 917 3716 pro
942 3635 1060 3710 εὔδηλας.
1099 3636 1144 3698 At
1168 3639 1282 3700 fallitur

145 3735 285 3795 Brunck.
308 3733 346 3794 de
372 3752 511 3792 mensura
534 3730 639 3810 primae
666 3730 788 3808 syllabae
812 3731 846 3790 in
871 3729 1019 3792 α’θανασὶα.
1056 3731 1146 3804 Vide,
1172 3746 1282 3812 praeter

150 3831 272 3892 Person.
292 3829 331 3890 ud
350 3829 433 3890 Med.
447 3836 513 3899 139.
537 3825 741 3906 Antiphonem
760 3847 808 3904 ap.
822 3827 905 3887 Stob.
917 3848 948 3906 p.
961 3827 1028 3890 616.
1050 3839 1081 3888 et
1105 3829 1216 3892 Alexin
1234 3852 1283 3912 ap.

147 3926 243 4006 Diog.
261 3927 363 4002 Laert.
379 3925 446 4002 111.
462 3926 526 3986 28?
554 3924 719 4004 Mummi.
760 3922 840 3996 Mihi
861 3923 983 4002 quidem
1008 3944 1116 4002 parum
1141 3927 1283 3990 satisfacit

149 4020 296 4080 Meinekii
308 4019 524 4099 interpretatio,
537 4018 631 4097 inque
642 4017 752 4087 verbis,
769 4017 827 4076 nisi
844 4018 921 4078 forte
934 4018 1062 4096 Anglice
1075 4019 1153 4079 verti
1167 4022 1284 4100 possint

147 4115 229 4174 when
255 4115 302 4174 tis
328 4115 392 4174 time
418 4114 444 4172 ἱς
470 4135 552 4184 cone,
578 4112 717 4172 mendam
743 4111 872 4190 aliquam
899 4113 990 4172 latere
1016 4114 1158 4194 suspicor.
1198 4119 1282 4178 Dixit

145 4199 288 4272 Incertus
301 4211 383 4290 apud
397 4212 478 4270 Stob.
489 4208 525 4269 T.
541 4217 605 4269 118.
622 4217 666 4268 12.
685 4206 757 4265 ὅταν
778 4207 800 4266 δ’
821 4208 878 4285 (ita
891 4209 977 4268 Grot.
990 4230 1046 4288 pro
1064 4224 1204 4292 corrupto
1224 4214 1275 4274 ὅτ-

145 4333 184 4366 αν
206 4305 304 4388 ydp)o‘
324 4304 416 4388 rarpdr
435 4307 487 4362 τοῦ
504 4306 590 4363 θανεῖν
607 4301 691 4364 iltuit
715 4301 799 4384 τύχῃ.
840 4304 1016 4384 Legendum
1038 4306 1178 4368 fortasse:
1199 4308 1283 4376 ε’λθςθν
