2990 5010
478 315 709 370 vuitsloiius
731 315 905 368 LATINAE.

112 491 207 550 Bina
226 503 350 552 venusta
370 503 440 554 sunt
458 494 532 552 mihi
552 494 656 575 pallia:
685 514 801 574 semper
820 494 927 554 horum

128 587 244 647 induor
263 590 401 662 aiteram3
423 591 480 651 fori
501 589 609 650 deinde
628 591 707 650 viam
727 609 864 669 capesso:

128 681 231 761 Siquis
251 684 293 744 ibi
313 686 447 764 pecuniae
467 686 551 746 dives
570 686 662 757 adest,
682 686 836 746 sedidem

128 780 300 859 insipientis
320 784 431 862 ingeni,
452 793 548 843 sector
567 803 636 842 eum
655 786 786 861 repente.

129 875 239 935 Dicere
259 878 359 956 siquid
378 879 484 957 incipit
504 879 597 948 dives,
618 878 733 956 idipso
752 877 851 948 laudo,

130 970 243 1049 Meque
263 975 390 1053 probare
409 973 546 1052 praefero,
571 973 645 1050 quin
664 973 747 1035 velut
766 975 952 1050 obstupesco.

130 1067 263 1146 Vespere
282 1071 399 1129 abimus
418 1071 457 1130 sd
476 1069 568 1148 depes
586 1069 647 1131 huo
665 1069 715 1130 hic
736 1079 766 1132 et
784 1069 858 1132 alter
877 1069 958 1138 illuc,
1022 1058 1027 1068 ’

130 1163 208 1222 Escs
226 1164 321 1224 aliena
340 1186 401 1243 quo
419 1177 515 1237 vocat,
536 1165 609 1228 scita
630 1166 684 1226 ubi
703 1164 798 1226 multa
816 1164 895 1226 dicta

130 1257 240 1318 Dicere
260 1280 345 1338 opus,
365 1261 423 1321 nisi
442 1262 516 1322 veiis
535 1261 671 1341 protinus
690 1259 760 1320 inde
779 1259 860 1337 pelli.

130 1353 265 1433 contigit
283 1355 347 1415 haec
366 1355 539 1418 Acestorsm
558 1375 648 1434 pocus
666 1355 746 1416 notis
765 1363 936 1434 perustum:

131 1449 212 1508 Nam
232 1450 302 1528 quia
321 1461 453 1529 parserat
468 1451 554 1530 jocis,
573 1470 678 1512 servus
696 1469 767 1513 eum
785 1448 903 1527 fugavit

132 1545 181 1603 De
199 1544 270 1615 lare,
291 1546 365 1624 quin
384 1555 414 1604 et
434 1545 532 1606 OEneo
550 1545 675 1608 tradidit
692 1554 761 1610 tute
781 1543 923 1606 vinctum.

589 1839 806 1858 Μ

621 2041 783 2107 russo,

578 2263 580 2268 Α
611 2208 639 2275 1.
684 2209 740 2296 (P.
758 2210 804 2291 s.)

136 2363 175 2422 A.
205 2365 291 2423 Heus
307 2363 378 2441 quis
398 2367 452 2422 tu?
473 2373 607 2422 actutum
626 2363 706 2422 fare:
728 2362 803 2444 quid
822 2382 893 2421 vero
911 2349 1013 2419 taces?

138 2461 181 2517 M.
205 2459 373 2519 Mercurius
393 2479 449 2536 ego
469 2477 545 2530 sum,
566 2479 672 2530 vocem
689 2480 707 2518 a
727 2457 852 2518 Daedalo
871 2455 1017 2524 obtinens,

138 2557 185 2614 De
204 2555 288 2633 ligno
307 2555 413 2623 factus,
435 2563 539 2633 sponte
560 2553 613 2630 qui
632 2553 740 2613 adveni
759 2573 874 2612 mea!

1089 2643 1191 2703 Gnor.

137 2745 290 2806 -Statuae
310 2745 450 2806 videntur
469 2744 618 2805 Daedaleae
638 2763 758 2802 cernere

139 2842 262 2902 Cunctae
281 2851 312 2901 et
330 2841 494 2911 moverier3
523 2839 597 2899 adeo
619 2839 669 2898 iiie
689 2839 735 2896 vir
753 2836 857 2919 sapit&
1037 2886 1039 2891 .
1251 2839 1270 2890 ⁵

1106 2927 1192 2990 tlt

548 3057 550 3062 ⁸
607 3112 653 3176 Π.
697 3111 814 3197 (us.)

138 3273 207 3334 Tua
225 3274 329 3332 tumba
348 3280 406 3330 stat
425 3267 574 3329 cumulata
594 3266 841 3336 commodulum,

141 3373 289 3430 Mercator
308 3368 385 3426 hanc
405 3385 521 3444 semper
541 3362 680 3424 salutabit
698 3361 776 3440 pius,

140 3466 295 3525 Advectus
314 3473 345 3523 et
363 3472 499 3522 revectus
518 3459 568 3519 hic
588 3457 749 3526 videbitur,

140 3558 312 3640 Aliquando
332 3557 491 3618 certamina
510 3553 599 3614 simul
618 3552 741 3611 navalia.

129 3847 143 3880 ⁸.
202 3812 208 3840 ¹
224 3810 398 3872 Fragmentum
414 3804 575 3867 Euripideum
593 3803 628 3850 sic
642 3801 704 3866 legit
719 3808 744 3850 et
763 3799 833 3847 vertit
850 3798 965 3848 Grotius:

372 3902 423 3946 Οὐκ
442 3893 559 3954 iniqu
578 3894 672 3956 γεραιὲ,
689 3891 734 3954 (μή
751 3892 834 3953 δήσῃς
848 3891 919 3946 τάδε,

371 3975 405 4024 ‘mi
419 3972 554 4022 Δαιδάλεια
569 3969 656 4017 πάντα
671 3965 792 4015 κινεῖσθαι
807 3967 883 4018 donis

370 4051 433 4112 ipris
444 4049 470 4096 τ’
485 4043 622 4108 avaient)
636 4043 676 4094 ὧδ’
689 4041 749 4103 ἀνὴρ
763 4045 843 4090 κεῖνος
857 4040 944 4100 σοφός.

377 4143 437 4200 Qaae
451 4139 593 4188 vadatum
602 4135 665 4196 jecit
678 4133 813 4194 inpertiam,
828 4145 910 4190 senec,

374 4221 486 4267 Miratus
501 4230 584 4278 opero,
601 4213 650 4260 hoo
664 4212 701 4258 ire
715 4216 739 4258 st
753 4209 837 4257 obtutu
845 4207 906 4266 frui

376 4298 418 4342 Ne
433 4295 517 4342 oredo.-
538 4305 588 4340 nora
602 4305 644 4338 ars
658 4288 712 4349 ejus
726 4286 755 4334 in
769 4289 864 4333 tamum
878 4281 951 4331 valet.

144 4375 435 4464 meotis-russo]
