2990 5010
224 335 290 398 128
388 345 639 395 oonrcouun
665 317 906 395 οιιπαοιιιιιιι·
929 341 1196 393 FRAGMENTA.

282 530 293 558 ⁴
314 529 516 610 “Lampadem
535 531 636 609 accipe
654 528 799 592 λαμπάδας
814 529 920 601 dyona,
941 526 1101 605 Lampadio
1115 533 1267 596 certamen,
1285 521 1374 603 quod

222 625 351 684 Athenis
373 628 530 703 quotannis
552 627 583 685 in
600 626 791 706 Πραμηθείοις,
812 626 841 684 in
866 623 1025 683 Promethei
1035 619 1127 699 festo,
1148 622 1374 681 celebrabatur.

223 720 300 779 Vide
326 721 538 781 accuratissimi
566 721 694 779 Meursii
722 721 867 780 Graeciam
896 719 1044 777 Feriatam
1070 719 1102 775 in
1132 717 1314 774 ΛΑΜΠΑΣ
1339 727 1373 775 et

224 815 490 886 ΠΡΟΜΗΘΕΙΑ;
520 817 572 894 qui
592 817 691 874 omnia
712 836 747 874 eo
768 815 931 895 spectantia
948 813 991 870 ibi
1010 812 1139 889 collegit,
1158 823 1289 888 excepto
1310 812 1373 870 hoc

222 911 287 988 ipso
311 910 468 969 Menandri
491 911 565 969 loco.
613 912 659 968 Ex
680 911 726 970 his
749 922 847 969 autem
873 908 1002 985 colligas,
1027 907 1118 964 solam
1136 905 1371 984 Lampadedro-

221 1006 310 1064 miam
328 1006 503 1064 Prometheo
515 1005 681 1064 institutam
696 1006 796 1074 fuisse,
810 1005 893 1062 nulla
907 1003 1074 1062 sacrificia.”
1116 1001 1240 1058 Banrr..
1284 1003 1371 1060 “De

221 1101 367 1179 lampadis
381 1100 540 1160 certamine
553 1102 584 1158 in
600 1101 766 1160 Promethei
781 1102 922 1159 honorem
937 1099 1074 1156 instituto
1088 1097 1157 1155 vide
1172 1097 1369 1156 Gronovium

222 1197 260 1254 ad
283 1197 383 1255 Senec.
399 1199 505 1274 Agam.
521 1205 587 1257 352.
631 1198 715 1255 Kust.
732 1197 770 1255 ad
791 1197 875 1254 Suid.
897 1197 937 1254 ll.
959 1215 988 1272 p.
1007 1201 1073 1252 413.
1094 1204 1125 1251 et
1145 1194 1307 1270 Jungcrm.
1327 1196 1368 1253 ad

224 1293 336 1352 Polluc.
351 1293 439 1350 VIII.
462 1296 526 1362 90.”
567 1293 716 1352 ΜΕΙΝΕΚ.
769 1292 907 1350 Photius:
943 1287 1113 1359 Aaurddos:
1149 1295 1223 1368 τρεῖς
1244 1287 1369 1361 άησνσιν

221 1387 361 1456 Ἀθηναῖοι
387 1385 489 1467 ἑορτάς
515 1386 669 1459 λαμπάδος·
702 1389 911 1457 Παναθηναίοις·
939 1384 1142 1462 Ἡφαιστείοις“
1179 1384 1222 1440 καί
1245 1385 1366 1464 Προμη-

223 1482 310 1539 θείοις.
353 1481 520 1561 Exscripsit
538 1482 655 1541 Suidas.
695 1483 768 1541 Lex.
784 1482 872 1539 Rhet.
889 1480 1017 1538 Bekker.
1034 1501 1063 1557 p.
1078 1487 1144 1546 277.
1166 1477 1291 1551 Λαμπάς
1320 1481 1366 1536 καλ

221 1575 460 1658 λαμπαδηφάροιε
489 1578 636 1650 λαμπάδας
658 1578 772 1652 ιίηουσιν
793 1577 934 1647 Ἀθηναῖοι
959 1577 1170 1646 Παναθηναίοις,
1190 1575 1366 1653 Ἡφαιστεί-

222 1697 269 1742 οις,
301 1674 492 1752 Προμηθείαις·
521 1674 571 1732 eloi
595 1673 624 1733 δὲ
650 1671 734 1731 αὗται
755 1672 864 1753 ἑορταί.
903 1669 1122 1751 λαμπαδηφάροι
1144 1669 1175 1727 δὲ
1198 1673 1366 1742 καλοῦνται,

222 1769 268 1826 ὅτι
283 1767 334 1826 τάς
348 1769 496 1843 λαμπάδας
510 1769 619 1851 ἔφερον.
662 1770 769 1830 Obiter
785 1768 926 1827 tentanda
940 1779 985 1826 est
1004 1768 1163 1845 Inscriptio
1178 1778 1265 1826 vetus
1279 1769 1365 1847 apud

223 1865 335 1924 Meurs.
359 1865 454 1925 Graec.
476 1866 585 1924 Feriat.
600 1866 636 1922 T.
654 1866 711 1923 ΙΙΙ.
726 1886 755 1942 p.
770 1872 837 1933 911.
860 1864 943 1921 Lam.
963 1863 1005 1922 sic
1022 1859 1064 1920 ibi
1084 1862 1228 1931 ordinata,
1247 1884 1284 1922 ac
1304 1865 1365 1922 La·

221 1960 284 2018 tine
306 1980 408 2018 versa:
445 1960 647 2018 ΛΑΜΠΑΔΑ
674 1959 678 2041 Ι
707 1959 919 2016 ΝΕΙΚΗΣΑΣ
946 1957 950 2037 Ι
980 1956 1245 2014 ΣΥΝΕΦΗΒΟΙΣ
1274 1958 1365 2016 ΤΟΔ

221 2058 248 2111 Α
270 2053 275 2135 Ι
296 2055 495 2113 ΝΕΘΗΚΑΣ
551 2054 578 2112 0
603 2054 822 2134 ΙΠΑΝΤΩΝΩ
844 2051 849 2134 Ι
875 2051 1056 2109 ΤΥΧΙΔΟΥ
1085 2051 1089 2131 Ι
1116 2051 1363 2111 Aeniorum

221 2150 381 2231 Lampadis
407 2150 411 2230 Ι
440 2150 636 2231 victoriosam
671 2148 800 2230 Ephebis
820 2146 824 2228 Ι
845 2149 896 2206 hoc
930 2146 1056 2206 dedicavi
1080 2146 1085 2226 Ι
1108 2146 1238 2226 Οραιιὶοπ
1259 2147 1266 2228 Ι
1289 2147 1364 2228 oty-

220 2245 310 2306 cha'doe
338 2245 342 2326 Ι
370 2245 573 2305 Athmonensis.
627 2245 804 2323 Legendum
839 2244 967 2312 videtur,
1001 2255 1165 2320 utcumque
1192 2245 1225 2300 in
1257 2244 1363 2322 lapide

220 2340 397 2420 dispositum
428 2341 537 2399 fuerit:
580 2340 769 2397 ΛΑΜΠΑΔΙ
809 2337 1022 2396 ΝΕΙΚΗΣΑΣ
1059 2337 1139 2394 ΣΥΝ
1178 2337 1364 2396 ΕΦΗΒΟΙΣ

219 2436 341 2494 ΤΟΝΔ’
375 2435 573 2494 ΑΝΕΘΗΚΑ
594 2435 599 2516 Ι
621 2436 701 2505 ΣΟΙ,
739 2435 833 2504 ΠΑΝ,
863 2432 947 2490 ΤΟΝ
983 2433 1128 2490 ΠΑΝΟΝ
1165 2433 1363 2492 ΛΕΩΤΥΧΙ.

220 2532 307 2589 ΔΗΣ
339 2530 578 2589 ΑΘΜΟΝΕΥΣ.
620 2530 768 2610 Lampode
788 2530 876 2588 victor
898 2550 960 2587 cam
982 2527 1109 2607 Ephelis
1131 2529 1205 2587 Ιιοιια
1231 2528 1284 2588 libi
1311 2529 1362 2588 dc-

219 2629 322 2698 da'cooi,
347 2627 394 2685 O!
418 2627 494 2696 Pon,
504 2625 605 2706 focem
619 2626 803 2706 Leotychides
823 2625 1027 2684 Athmonearis.
1068 2625 1264 2684 Locutioncm
1285 2637 1361 2698 λαμ-

220 2719 285 2779 πάδι
312 2724 385 2799 νικᾲν
411 2742 482 2780 usus
505 2733 550 2781 est
576 2722 665 2781 etiam
689 2721 860 2779 Andocides
880 2740 904 2779 c.
919 2720 1016 2779 Alcib.
1035 2727 1078 2779 14.
1108 2724 1198 2778 καίτοι
1223 2721 1361 2802 τυγχάνω

221 2815 355 2885 νενικηκάς
382 2815 505 2898 εὐανδρίᾳ
529 2816 572 2874 καλ
597 2816 721 2890 λαμπάδι
746 2815 789 2872 καί
810 2814 979 2895 τραγῳδοῖςτ
1008 2819 1063 2884 νίκη
1084 2825 1193 2886 autem,
1215 2837 1284 2875 cum
1306 2818 1359 2877 de-

219 2913 331 2985 rivatis,
352 2933 406 2991 per
429 2913 650 2991 diphthongum
671 2933 750 2990 saepe
774 2912 946 2990 exprimunt
968 2912 1091 2990 lapides,
1112 2913 1175 2970 sive
1198 2912 1231 2970 id
1254 2913 1292 2974 de
1313 2915 1359 2974 in·

149 3027 154 3036 ·
220 3009 343 3079 dustria,
368 3030 420 3068 seu
443 3029 542 3068 errore
568 3009 669 3088 potius
695 3008 901 3086 lapicidarum,
924 3009 1037 3067 factum
1061 3010 1159 3068 fuerit.
1203 3010 1285 3070 Illud
1313 3013 1358 3071 col

220 3105 376 3166 confirmat
397 3105 590 3182 Epigramma
611 3103 744 3181 Philippi
768 3103 1048 3174 Thessalonicensis,
1073 3103 1214 3184 Cephuloe
1235 3107 1358 3166 Anthol.

219 3221 249 3279 p.
264 3208 290 3259 3.
309 3199 407 3258 Reisk.
432 3199 508 3256 λίθον
531 3223 565 3256 τε
587 3196 695 3256 ναάπαις
720 3194 840 3278 ἕσπίρας
865 3198 1052 3278 πυροσπάκον,
1077 3200 1190 3277 (malim
1219 3203 1356 3282 ropioni-

220 3299 283 3377 ρον)
300 3296 305 3376 Ι
320 3291 387 3352 άλάς
404 3291 529 3374 τύραννε,
545 3291 600 3363 oui,
618 3291 767 3362 Ποσειδάν,
781 3290 932 3374 ’Λρχικλης
955 3291 959 3373 Ι
979 3289 1068 3363 ἔθηκε.
1111 3295 1206 3354 Aliud
1220 3294 1353 3375 ejusdem

219 3391 292 3449 ibid.
307 3412 337 3470 p.
352 3397 379 3448 4.
398 3387 560 3465 λιισιφλεβῆ
579 3413 613 3446 τε
634 3386 761 3468 σάγαριν,
778 3385 947 3465 άμφιθηηέα,
970 3387 976 3469 Ι
996 3385 1187 3470 λεοντάδιφρε,
1208 3391 1263 3460 coi,
1285 3391 1354 3462 Ῥέη,

220 3483 416 3555 Κλυποσθένης
437 3483 442 3564 Ι
461 3483 550 3555 ἔθηκε.
591 3485 762 3544 Confirmat
784 3485 872 3543 ctiam
894 3484 994 3544 Flacci
1020 3484 1209 3562 Epigramma
1232 3487 1305 3547 ibid.
1325 3509 1354 3568 p

222 3593 267 3652 17.
294 3582 313 3653 η’
330 3580 440 3659 βδέλλα
468 3580 617 3652 σπιλάδων,
644 3580 663 3639 α’
688 3579 872 3662 ποντοθήρης,
895 3579 900 3662 Ι
920 3579 965 3638 σοί
985 3577 1025 3638 τά
1050 3579 1144 3638 δίκτυα
1167 3583 1355 3660 τάμφίβλησ-

220 3665 277 3760 τρο
297 3679 402 3748 ταῦτα,
425 3676 430 3758 Ι
451 3676 560 3749 δαίμων,
587 3679 698 3735 εἵσατο.
740 3677 787 3736 De
812 3673 897 3734 πάνος
917 3676 1062 3736 vocabulo
1088 3677 1288 3738 consulendus
1311 3693 1356 3740 est

220 3773 387 3833 Blomfleld.
411 3773 541 3832 Glossar.
564 3772 594 3830 in
615 3771 713 3830 AEsch.
728 3773 834 3850 rigam.
849 3780 916 3839 275.
957 3771 1034 3830 Vide
1050 3782 1080 3830 et
1101 3772 1198 3832 Schol.
1216 3774 1255 3833 ad
1272 3775 1353 3834 Aris-

220 3870 302 3950 toph.
318 3869 448 3930 Acharn.
462 3877 528 3938 902.
563 3868 768 3927 eonferendus
781 3878 881 3927 autem
895 3867 1016 3926 omuino
1028 3879 1073 3926 est
1088 3868 1202 3928 Herod.
1217 3869 1273 3928 vl.
1291 3879 1353 3932 105.

220 3965 265 4022 xci
291 3967 384 4023 ταῦτα
407 3962 456 4038 μὲν
470 3963 621 4034 Ἀθηναῖοι,
649 3962 856 4022 καταστάντων
876 3965 956 4040 σφίσι
977 3961 1005 4021 εὖ
1023 3961 1075 4034 ἤδη
1095 3965 1152 4023 τάν
1170 3964 1354 4046 πρηγμάτων,

220 4057 423 4119 πιστεύσαντες
441 4057 507 4118 εἶναι
524 4057 638 4128 άληθέα,
655 4057 803 4140 ι’δριίσαντο
820 4056 875 4115 hro*
894 4057 933 4138 τῇ
951 4057 1091 4140 α’κροπάλι
1113 4059 1204 4118 Πανάς
1223 4063 1291 4140 ἱράν,
1312 4063 1355 4120 xci

162 4221 165 4228 Ι
219 4154 308 4214 αάτάν
326 4155 385 4214 dard
405 4154 511 4226 παιίτης
536 4158 587 4226 τῆς
614 4155 745 4230 αἠηελίης
769 4154 876 4234 θνσίησι
900 4153 1040 4236 ἕπεταίησι
1065 4156 1108 4213 καὶ
1127 4156 1250 4230 λαμπάδι
1273 4157 1355 4218 ἱλάσ-

220 4275 326 4309 κονται.
368 4252 507 4310 Photiua:
531 4249 666 4322 Λαμπάςτ
695 4247 770 4323 άηάν
794 4247 924 4318 Ἀθηνησι
952 4249 1020 4307 ssavi
1045 4249 1089 4306 aul
1116 4251 1263 4330 Προμηθεῖ
1284 4253 1355 4329 dyo·
