3060 5030
616 323 919 373 rnuuucnnrnu
1291 311 1332 373 ul

200 502 308 572 ποιότης
335 502 525 584 ἀναφερομένη
549 503 662 577 αἷθόλη,
689 506 847 577 λευκοτάτη
877 505 956 576 οὖσα,
987 505 1229 581 πομφολνηοιῖται.
1270 529 1335 561 τον-

203 599 300 679 θορνγ.
323 599 439 668 Pollux,
457 601 602 677 probante
622 603 805 674 Casuubono,
824 602 957 680 itemque
974 599 1116 660 Elmsleio
1127 600 1167 659 ud
1180 599 1333 678 Aristoph.

205 695 334 753 Acheru.
347 695 416 756 683.
428 695 484 753 nisi
501 695 585 774 quod
603 698 752 778 τονθοροη.
770 697 814 756 ibi
830 697 1010 775 impressum
1023 705 1068 755 est
1083 715 1192 765 errore,
1206 706 1240 754 ut
1253 695 1336 772 vide-

204 793 263 858 tur,
284 787 510 866 typographico.
550 791 698 863 τονθολυγ.
714 791 851 850 Athenaei
865 791 911 849 ed.
925 790 996 850 Ald.
1009 800 1040 849 et
1052 789 1189 849 Eustath.
1202 792 1240 849 ad
1255 792 1290 850 11.
1304 793 1337 852 P.
1354 786 1358 794 ’

204 901 235 958 p·
258 882 341 942 1126.
365 890 412 949 47.
435 882 502 940 Bae.
526 883 578 961 qul
602 883 732 962 explicat
755 883 835 942 ποιόν
857 882 932 964 ἦχον
952 883 1170 956 ἀποτελοῦντες,
1192 885 1338 965 additque

203 979 265 1038 ὅθεν
288 981 354 1038 ioue
380 980 423 1038 καὶ
449 979 488 1038 τό
512 981 693 1063 τονθορόζειν.
734 981 869 1059 Hesych.
893 979 1069 1063 Τονθορόζει.
1095 978 1225 1040 ἇτόκπιυε
1247 991 1335 1042 λαλεῖ.

202 1074 343 1155 porriitur.
361 1076 510 1156 ψιθυρίζει.
552 1077 681 1156 Etymol.
696 1077 779 1154 Mag.
800 1074 975 1158 Τυνθορόζει,
991 1074 1124 1135 όπόπτιυο
1143 1084 1232 1148 λαλεῖ,
1251 1079 1338 1152 drudu-

201 1173 281 1253 ρίζει,
310 1171 396 1253 ἠρέμα
425 1171 564 1254 γογγόζει.
612 1175 697 1232 Phot.
723 1172 895 1231 Σκόνθυλλεε
922 1168 1084 1253 τονθόρνζε.
1129 1173 1158 1230 A
1182 1170 1337 1231 σκονθόλλντ

201 1268 278 1348 (qua
301 1290 373 1328 voce
396 1281 497 1338 carent
516 1270 639 1348 Lexica)
663 1270 759 1340 fluxit,
784 1269 816 1328 ni
837 1269 933 1339 fallor,
954 1268 1096 1327 Latinum
1118 1267 1249 1328 scintillo.
1289 1269 1335 1328 Cf.

204 1363 341 1422 Eustath.
355 1364 430 1423 ll.’
422 1384 454 1422 ru
465 1385 495 1422 n.
510 1364 537 1425 6.
550 1365 589 1424 ad
603 1367 723 1444 Frugm
736 1364 792 1422 IV.

203 1535 207 1542 .
282 1466 468 1526 ⁷Jacobsius
500 1467 649 1546 intelligit,
682 1489 744 1526 cum
770 1464 843 1546 ipsis
861 1463 1014 1544 frustulis.
1058 1467 1106 1525 De
1132 1411 1336 1540 cochlearibur,

202 1556 307 1638 quibus
327 1559 496 1620 hauriretur
506 1562 666 1641 jusculum,
687 1562 801 1642 accepit
820 1561 1121 1640 Schweighaeuserus

282 1673 293 1704 ⁸
313 1671 357 1729 καὶ
377 1675 488 1730 νασποῖν
507 1673 609 1756 τρύφη,
630 1683 657 1733 ei
674 1693 783 1754 panum
792 1671 938 1751 frustula.

282 1781 448 1863 ο(ἐιῖμαριῐ
478 1810 512 1843 τε
541 1783 683 1864 (debebat
710 1785 756 1861 ηε)
790 1781 970 1855 καῦτομότην
1003 1784 1205 1842 casaubonus.
1251 1787 1337 1846 Libri

203 1875 310 1957 εὖμαρῆ
329 1875 396 1950 ἦγεν
418 1878 556 1952 αὐτόματ’
578 1887 622 1938 εἷς.
662 1879 700 1938 ln
723 1879 852 1957 epitome
872 1888 917 1937 est
936 1876 1011 1936 uim
1034 1878 1087 1947 την
1107 1877 1211 1939 ἔνθεσιν
1237 1891 1338 1963 χωρεῖν

202 1971 391 2054 λιπαρὰ-δ’
430 1975 590 2035 Dmuonr.
631 2000 664 2033 τε
683 1975 773 2034 etiam
797 1973 1100 2050 Schweighaeuserus,
1122 1974 1171 2034 cui
1192 1987 1271 2036 recte
1292 1999 1338 2038 re-

202 2071 351 2148 spondere
374 2072 493 2131 videtur
517 2072 560 2130 καὶ
586 2073 618 2131 in
646 2071 834 2144 κατ’τομάτην.
875 2071 947 2128 Mox
969 2071 1071 2130 confer
1094 2070 1264 2131 Telecliden
1285 2073 1338 2132 ll.

203 2165 273 2226 ὅστ’
284 2167 405 2245 α’φθονὶα
422 2168 473 2240 την
485 2167 588 2229 ἔνθεσιν
599 2167 631 2239 ἦν
644 2167 751 2250 ἄρδονθ’
764 2166 876 2238 durando
892 2169 1058 2224 καταπίνειν.
1099 2167 1271 2245 Metagenes
1284 2171 1304 2228 l.
1318 2171 1338 2228 l.

202 2262 320 2344 τεμάχη
340 2263 362 2321 δ’
380 2264 481 2324 ἄνωθεν
499 2266 651 2340 αὐτόματα
672 2263 839 2337 πεπνιγμένα
860 2263 866 2344 Ι
886 2271 921 2322 εἷο
941 2260 980 2320 τό
998 2260 1082 2334 στόμ’
1101 2259 1192 2341 ᾄττει.

284 2386 305 2418 ¹⁰
324 2385 458 2465 “affori
473 2407 510 2446 ex
531 2385 651 2446 Polluce
671 2387 844 2464 repositum.
884 2383 968 2443 Libri
988 2383 1140 2462 σίζοντετ.”
1178 2384 1338 2446 Drnnonr.

202 2482 387 2542 “Neutrum
413 2503 508 2560 genus
533 2484 650 2562 σίζοντα
673 2482 801 2541 refertur
824 2479 863 2538 ud
889 2479 950 2538 duo
973 2479 1157 2538 substantiva
1180 2479 1281 2557 diuum
1308 2494 1340 2542 et

204 2576 298 2650 τόμοι,
322 2599 450 2657 quorum
473 2579 600 2638 alterum
621 2577 767 2636 faeminini
789 2575 907 2654 generis
930 2585 984 2645 est,
1007 2575 1132 2634 alterum
1156 2577 1338 2636 masculini.''

204 2671 504 2731 Scuwuronmusun.
544 2673 700 2751 “cil‘ovrec
721 2670 770 2728 hic
793 2669 881 2738 delet,
903 2679 933 2732 et
951 2689 1007 2747 pro
1030 2665 1139 2748 (dorm
1159 2671 1191 2730 in
1212 2693 1240 2730 v.
1261 2693 1338 2750 prae-

204 2766 321 2825 cedenti
339 2767 466 2845 reponit,
486 2767 643 2826 Piersonus
659 2765 738 2824 notis
757 2764 846 2823 MSS.
865 2763 904 2822 ud
922 2762 1036 2822 Polluc.
1051 2762 1107 2822 Vl.
1121 2773 1167 2825 58.
1185 2768 1341 2827 conferens

204 2860 325 2920 Crateta
337 2861 413 2942 (sive
427 2863 580 2939 Magneta)
594 2860 666 2921 ibid.
681 2869 728 2930 79.
742 2859 791 2918 vel
803 2859 916 2918 Athen.
931 2858 1017 2916 XIV.
1026 2858 1095 2920 646.
1105 2860 1143 2918 Ε.
1168 2859 1248 2920 Vide
1260 2864 1339 2925 infra

206 2956 279 3015 VlI.
293 2965 360 3017 324.
374 2959 408 3016 C.
422 2957 527 3035 Equic
542 2956 719 3027 926.-Hoc
732 2965 863 3013 assumto
876 2954 953 3031 lego,
970 2953 1050 3036 τορᾶ
1065 2963 1124 3013 τοῖο
1140 2961 1338 3038 τοταμοισ[ιν,

205 3051 255 3110 vel
276 3057 352 3108 τοῖσι
375 3050 533 3128 ποταμοῖς]
553 3047 800 3129 ἐξεκέχυντ’-νεὶ
820 3045 956 3126 ε’ξέκειντ’,
980 3049 1061 3127 quod
1084 3050 1184 3109 forsan
1205 3053 1338 3113 mellus.”

205 3147 306 3205 Donn.
337 3146 417 3206 Vide
437 3145 604 3204 Porsonum
626 3146 729 3204 Tracti
745 3165 776 3222 p.
791 3150 858 3203 281.
898 3145 1024 3224 σίζοντες
1038 3143 1132 3226 ἔχοντ’
1145 3147 1288 3208 Morelius
1309 3162 1339 3210 et

205 3242 368 3312 Hertelius,
384 3241 442 3301 nisi
459 3241 540 3319 quod
555 3241 604 3300 hic
621 3239 750 3320 σύζοντει
763 3257 920 3317 operarum
934 3241 1050 3300 menda.
1081 3240 1158 3300 Vide
1173 3242 1262 3302 Hom.
1278 3246 1340 3305 Od.

203 3340 243 3399 K.
256 3348 323 3401 415.

284 3445 302 3474 ¹¹
324 3451 345 3479 “
355 3443 479 3525 εᾶτρετῆ
496 3441 658 3520 legendum
679 3442 845 3520 suspicatus
865 3452 928 3501 erat
947 3442 1201 3515 Hemsterhusius‚
1222 3445 1260 3504 ud
1277 3447 1340 3504 Lu·

204 3540 281 3600 ciun.
296 3540 373 3598 Dial.
389 3541 496 3599 Murin.
511 3539 549 3596 X.
563 3550 637 3597 extr.
655 3557 691 3596 eo
708 3537 790 3615 quod
807 3536 941 3618 εὗτρετὴι
958 3557 1018 3596 non
1039 3538 1131 3597 soleat
1151 3559 1219 3599 cum
1239 3541 1340 3600 dativo

203 3656 276 3696 eusu
290 3637 430 3696 construi.
470 3634 638 3713 Vulgutnm
650 3643 773 3692 tuentur
787 3619 920 3712 quidem,
930 3654 1000 3693 cum
1012 3635 1093 3713 opud
1107 3635 1263 3708 Nostrum,
1273 3648 1339 3696 tum

205 3728 287 3807 apud
301 3728 464 3800 Pollucem,
478 3728 548 3786 libri
565 3729 693 3786 omues!
733 3725 1033 3787 Scuwurounusun.
1073 3729 1166 3807 Apud
1185 3729 1341 3792 Pollucem

204 3824 340 3904 proxime
361 3825 501 3884 inseritur
523 3825 573 3883 hic
594 3843 714 3882 versust
734 3821 880 3881 τεότλοισί
901 3823 926 3881 τ’
945 3822 1068 3905 έγχέλνα
1090 3824 1338 3901 συγκεκαλυμμένοι

205 3921 255 3980 Ad
276 3941 366 3999 quem
386 3921 428 3980 ric
448 3930 531 3979 notat
554 3921 700 3978 Porsonus
722 3920 828 3978 Tracti
843 3940 874 3998 p.
887 3928 954 3979 281.
972 3919 1147 3978 “reimerus
1161 3919 1188 3976 τ’
1207 3920 1339 4003 ἑγχέλρο

206 4017 384 4098 Ρίετεουιιε]
405 4029 484 4078 recte
492 4041 502 4089 ;
524 4037 695 4096 quanquam
713 4015 848 4073 nonnihil
865 4015 972 4074 dubito
988 4036 1025 4074 un
1043 4035 1113 4074 vera
1133 4016 1280 4095 scriptura
1301 4021 1343 4080 sit

202 4109 335 4192 ἐγχέλυιο
357 4113 406 4171 vel
425 4124 500 4182 -λνο,
521 4111 635 4190 penult.
655 4110 829 4190 producta.’'

285 4225 305 4254 ¹¹
325 4231 345 4259 “
359 4225 492 4302 Heflych.
513 4224 556 4282 Il·
578 4244 603 4283 c-
626 4231 710 4293 1329.
731 4221 868 4301 σχελίδες,
892 4219 957 4302 κρέα
980 4220 1096 4294 ἐπιμήκη
1121 4217 1289 4298 τετμημένα,
1313 4233 1340 4286 or‘

203 4319 244 4390 δέ,
264 4321 412 4403 πλευρίδεκ.
455 4320 715 4386 Idem11.c.744.
736 4318 890 4393 ὁλόκνημοι,
910 4319 1078 4393 diapente?
1121 4322 1267 4382 linum.
