2948 5010
469 381 696 432 vuusmuus
719 381 895 435 LATINAE,

518 611 605 680 ΧΗ.
637 614 666 675 2.
702 611 767 696 (Ρ,
784 612 854 690 41.)
951 707 956 720 ὓ

648 779 709 836 n'di
732 822 739 835 .

115 873 276 943 Diodorus,
297 874 434 951 perditus
454 876 504 934 ille
526 778 729 944 h⁰m0‚Cd:m;²
743 875 820 932 intra
841 893 932 934 annos
1000 929 1004 938 ,

113 968 239 1046 pilulam
261 967 359 1028 effecit
381 989 469 1028 suum
487 970 709 1048 patrimonium.
996 1049 998 1058 J

973 1065 975 1070 ’
988 1059 1170 1118 Suuw'mon.

507 1282 615 1350 xm.
637 1283 667 1346 a.
713 1245 768 1366 (12.
785 1281 872 1362 u.)
973 1341 975 1349 ,

616 1480 747 1540 Phoedro.

113 1598 211 1657 Lente
228 1619 299 1658 vero
318 1600 442 1678 aedepol,
462 1601 543 1660 lente
562 1601 674 1659 factum
694 1617 804 1656 narras.

113 1691 309 1770 Epicharides
328 1694 459 1773 quidem,
480 1716 590 1774 parvus
610 1693 824 1770 ille‚'quinque
845 1692 950 1750 diebus
1048 1683 1051 1692 ¹

112 1787 237 1864 pilulam
256 1789 329 1849 fecit
348 1810 436 1848 suum
457 1790 684 1868 patrimonium:

112 1883 154 1941 ita
172 1885 363 1962 conglobavit
385 1884 606 1964 praecipitanter
626 1896 656 1943 et
675 1886 818 1944 celeriter.

980 1979 1169 2038 Scuwumu.

503 2236 603 2300 xlv.
636 2241 665 2300 4.
711 2236 765 2320 (Ρ.
782 2237 850 2316 aa.)

336 2431 468 2512 Phrygii,
490 2431 550 2490 sive
567 2411 705 2509 Phrygis,
716 2429 871 2502 femenduta
892 2427 1021 2484 editione.

112 2563 187 2622 Sane
207 2562 378 2622 ebrietatem
399 2561 519 2641 crapula
539 2561 563 2617 si
583 2567 789 2627 anteverteret,

110 2658 209 2718 Nemo
227 2668 372 2718 temetum
392 2677 482 2736 supra
502 2655 554 2734 qui
574 2656 643 2714 satis
663 2666 708 2715 est
727 2654 849 2711 modum

112 2753 240 2814 Haurire
261 2755 358 2814 vellet.
379 2753 511 2813 sedenim
529 2771 610 2811 nunc
629 2749 789 2829 improvidi

111 2851 178 2908 Non
197 2860 385 2927 expectantes
405 2867 523 2926 poenam
544 2846 720 2916 vinolentiae,

112 2946 229 3005 Promte
249 2966 316 3022 quae
337 2945 501 3004 obveniunt
520 2944 701 3003 exsiccamus
719 2941 835 3020 pocula.
893 2967 895 2972 ¹
917 2971 918 2976 .
1005 3009 1009 3016 ¹

111 3170 151 3239 Si,
172 3171 268 3228 factus
288 3180 364 3228 esset
383 3180 541 3246 antequam
563 3168 629 3246 quis
649 3155 758 3234 ebrius,

110 3266 207 3342 Caput
225 3283 349 3342 gravare
365 3264 428 3342 jam
449 3263 556 3321 soleret
575 3262 704 3340 crapula,

111 3363 215 3420 Potare
234 3381 323 3420 nemo
342 3360 431 3419 vellet
450 3378 583 3436 unquam
603 3358 725 3436 largius.

111 3457 231 3516 Poenam
251 3455 302 3515 sed
322 3455 408 3514 istam
428 3475 459 3513 se
478 3473 596 3513 manere
615 3452 697 3511 haud
717 3454 849 3530 cogitans

110 3552 159 3610 Ad
179 3551 286 3630 pocula
305 3550 410 3610 avidus
430 3560 475 3609 est
493 3568 608 3618 meraca
628 3549 762 3626 quilibet.

511 3875 591 3942 xv.
616 3883 645 3941 5.
691 3878 829 3962 (Pla.)

109 4057 183 4116 Heri
202 4057 323 4130 bibisti;
343 4078 424 4118 nunc
443 4057 558 4117 laboras
578 4057 706 4134 crapula.

109 4151 264 4223 Dormita;
285 4152 410 4213 cessabit
429 4152 557 4212 malum:
579 4151 647 4210 dein
668 4151 719 4211 det
738 4151 793 4210 tibi
860 4215 863 4220 ,

109 4247 272 4307 Brassicam
293 4248 400 4327 aliquis
422 4258 544 4308 coctam.

982 4346 1164 4418 Souwarorr.

110 4445 243 4532 aunxis]
719 4446 763 4507 13
