2948 5010
586 301 815 354 vuuslouns
838 303 1015 353 LATINAE.

634 538 719 606 ΧΠ.
751 543 781 604 1.
826 540 881 625 (P.
898 541 965 622 53.)

729 693 867 762 Lemniir.

235 801 340 878 Ecqua
360 811 414 874 est,
438 813 490 862 aut
512 824 575 863 esse
595 805 701 882 possit¹
722 826 770 864 ars
789 807 942 865 venustior

234 897 299 954 Aut
318 883 450 975 quaestus
473 899 577 957 melior
599 920 689 979 quam
709 901 878 960 assentandi
901 900 1070 968 industria?

234 993 336 1052 Pictor
354 994 479 1065 laborat,
502 1005 533 1054 et
553 995 610 1055 sibi
630 996 695 1074 ipse
714 997 861 1057 irascitur.

234 1090 340 1148 Multis
358 1091 478 1168 periclis
497 1092 627 1170 agricola
646 1103 691 1153 est
710 1094 864 1152 obnoxius.

234 1184 433 1244 Circumstant
454 1186 527 1244 alios
546 1197 659 1247 moestae
679 1175 900 1248 sollicitudinis.

233 1280 276 1336 At
297 1280 383 1338 nobis
405 1280 468 1340 vita
489 1282 520 1339 in
543 1283 606 1342 risu
626 1294 657 1342 et
669 1283 787 1349 ,delitiis
810 1283 884 1341 fluit.

234 1373 310 1432 Hoec
333 1393 415 1453 ergo,
439 1396 573 1436 summus
592 1378 624 1436 in
646 1399 706 1458 qua
726 1378 811 1437 labor
836 1386 889 1446 est,
911 1376 1025 1446 ludere,

235 1469 344 1529 Ridere
366 1482 396 1530 et
418 1471 543 1532 irridere
564 1484 596 1533 et
613 1485 717 1552 potare
737 1474 858 1542 affatim,

234 1566 303 1624 Non
326 1566 446 1625 suavis?
471 1566 545 1625 mihi
568 1579 646 1628 certe
669 1590 687 1627 a
708 1569 821 1628 divitiis
843 1569 986 1647 proxima.

627 1855 732 1936 xm,
756 1861 786 1922 2.
832 1857 970 1943 (Ros.)

736 2046 869 2105 Geminis.

233 2165 500 2245 Vide,parasitus,
521 2177 600 2226 recte
621 2168 646 2226 si
666 2167 844 2236 consideres,

232 2261 275 2320 Ut
294 2260 332 2319 sit
351 2272 546 2341 utrarumque
567 2263 756 2321 fortunarum
775 2261 933 2340 particeps.

232 2356 331 2414 Nemo
353 2358 500 2436 parasitus
524 2357 607 2435 cupit
629 2367 665 2416 ut
683 2357 786 2415 amicis
806 2357 845 2415 sit
864 2357 950 2425 male,

232 2452 292 2510 Sed
312 2472 362 2511 eos
385 2453 556 2531 conspicere
577 2461 699 2530 exoptat
718 2450 949 2510 florentissimos.

231 2548 332 2607 Vitam
351 2549 444 2627 agitat
463 2549 570 2628 aliquis
594 2547 799 2627 splendidam?
824 2567 884 2604 non
907 2547 1030 2617 invidet,

232 2644 291 2702 Sed
312 2654 392 2704 amat
411 2645 559 2703 bonorum
578 2643 748 2722 compartiri
770 2642 909 2701 comiter:

232 2740 357 2801 Amicus
378 2741 512 2820 simplex,
534 2751 642 2809 certus,
667 2741 729 2799 sine
748 2739 891 2818 periculo,

233 2836 303 2894 Non
323 2856 456 2914 pugnax,
478 2857 538 2894 non
562 2836 719 2914 malignus,
733 2834 927 2905 inimitabilis,

232 2930 312 2988 lram
331 2931 457 2990 tolerare
475 2930 586 2990 facilis:
607 2931 719 2990 arridet
734 2930 821 3009 jocis,

232 3025 387 3096 Amabilis,
409 3025 563 3095 ridiculus,
584 3024 685 3084 hilaris
705 3025 847 3094 moribus,

232 3121 349 3181 Deinde
369 3121 422 3180 ubi
442 3141 518 3199 opus
536 3132 590 3190 est,
610 3116 695 3180 miles
713 3120 944 3188 strenuissimus,

232 3217 325 3276 Modo
347 3215 424 3276 adsit
443 3236 527 3275 coena
546 3216 669 3295 opipara
690 3211 746 3294 pr'o
767 3216 924 3294 stipendio.

622 3513 722 3580 xiv.
751 3519 783 3584 a.
827 3514 966 3601 (use)

718 3700 877 3780 Priviguir.

658 3823 722 3882 Seis
745 3841 842 3884 mores
863 3842 962 3882 meos:

232 3922 353 3978 Fastum
372 3937 491 3977 omnem
509 3939 528 3976 a
545 3937 593 3976 me
614 3937 762 3986 removeo,
785 3915 897 3976 amicus
919 3917 1008 3978 unice

231 4014 360 4074 Amicis:
384 4013 454 4072 ferri
478 4032 583 4082 massa,
603 4012 696 4090 siquis
718 4011 866 4090 tetigerit:

232 4107 410 4186 Praesuiugo
430 4117 465 4168 ut
485 4107 586 4184 fulgor
608 4106 698 4166 alium
708 4129 719 4176 ;
740 4115 775 4165 ut
795 4105 909 4165 fulmen
930 4109 1071 4177 verbero3

563 4287 569 4314 ¹
585 4291 661 4346 potest
677 4271 812 4346 Schweigh.
830 4283 952 4332 mendose.

1137 4369 1365 4456 [aurianam
