2948 5010
575 313 804 369 v'ans'lonsss
826 313 1003 368 nussum.

675 549 740 617 111.
786 519 903 639 (Ro.)
1005 591 1007 596 ,
1084 633 1086 642 A

680 753 901 832 Condeoipiente.

221 885 259 945 Α.
300 883 467 962 Corrupisti
486 882 702 941 adolescentem
722 880 912 940 commissum
929 881 995 949 tibi,

222 978 360 1051 Sceleste,
382 989 412 1039 et
431 980 523 1037 vitam
543 978 647 1036 sectari
668 977 793 1035 alienam
813 973 870 1035 sibi

222 1077 381 1136 Persuasti.
409 1095 463 1154 per
481 1085 512 1134 te
531 1084 576 1134 est
595 1073 677 1152 quod
692 1074 756 1153 jam
774 1082 859 1151 potat
879 1072 917 1131 de
936 1071 994 1141 die,

221 1174 250 1230 A
270 1191 356 1229 mane
377 1186 501 1239 summo,
521 1189 582 1227 non
601 1168 633 1226 id
653 1168 756 1226 solitus
775 1166 938 1226 antidhac¹.

221 1267 257 1324 B.
299 1266 373 1323 Eon’
393 1285 441 1323 me
460 1264 572 1342 culpas,
592 1263 671 1333 here,
693 1261 774 1340 quod
794 1260 899 1321 didicit
918 1261 1040 1320 vivere?

224 1363 360 1439 Nanque,
381 1372 416 1419 ut
435 1361 581 1438 sapientes
601 1359 694 1429 aiunt,
715 1358 796 1416 istud
816 1357 918 1416 vivere
938 1356 1010 1416 θεῖ’.

222 1455 372 1535 Epicurus
392 1476 542 1515 summum
560 1454 678 1532 generis
698 1453 821 1512 humani
840 1455 953 1512 bonum
1003 1501 1005 1504 .

221 1551 415 1630 Voluptatem
434 1572 497 1611 esse
517 1550 627 1610 docuit.
654 1548 730 1608 hanc
749 1547 875 1628 apiscier
925 1585 927 1594 ·

220 1646 352 1706 Aliunde
370 1663 431 1706 non
450 1659 510 1706 est:
531 1665 659 1722 nanque,
681 1644 732 1721 qui
753 1644 860 1702 vivunt
878 1645 964 1713 bene,

221 1740 265 1799 Hi
284 1751 363 1801 recte
383 1743 498 1800 vivunt.
526 1759 625 1798 nonne
644 1738 841 1797 id·concedes
860 1737 955 1796 mihi?

220 1837 257 1894 A.
299 1835 445 1894 Vidistine
465 1835 558 1914 igitur
577 1844 611 1892 tu
630 1832 842 1910 philosophum
862 1833 1032 1910 quempiam

219 1930 364 1989 Vinosum
383 1941 473 2006 atque
493 1929 557 1987 istis
577 1949 608 1987 se
627 1927 842 1987 oblectantem⁸
860 1927 1014 1986 moribus?

219 2025 256 2084 B.
297 2025 380 2097 Quin
400 2025 509 2095 cuncti,
529 2025 659 2084 adducto
679 2023 732 2100 qui
750 2023 910 2100 supercilio
929 2023 1091 2091 ambulant,

219 2120 341 2198 Quique
360 2121 391 2178 in
411 2120 574 2200 porticibus
593 2120 685 2197 inque
706 2117 908 2177 conciliabulis

120 2245 122 2257 ·
219 2215 389 2293 Sapientem
409 2224 556 2292 quaerunt,
577 2216 664 2292 plane
683 2223 826 2290 tanquam
844 2213 1004 2292 aufugerit,

219 2310 306 2381 Hic⁴,
327 2309 353 2368 si
371 2308 538 2388 glauciscus
558 2309 630 2387 ipsis
649 2307 803 2386 appositus
822 2307 892 2379 fuit,

218 2405 287 2477 Qua
305 2415 388 2484 parte
409 2404 447 2463 sit
467 2405 636 2474 sumendus,
656 2414 768 2462 norunt
786 2404 965 2472 memoriter,
1005 2403 1006 2410 ’

218 2500 261 2558 Et
281 2508 371 2576 caput
390 2498 562 2576 anquirunt,
582 2508 723 2577 tanquam
744 2497 776 2556 in
796 2497 1003 2568 controversia,

219 2594 266 2653 Ita
285 2605 319 2653 ut
339 2595 549 2671 obstupescant
568 2593 615 2653 alii
625 2593 644 2650 ⁵.

599 3253 784 3321 cannas,
828 3256 884 3342 (Ρ.
901 3260 966 3338 14.)

221 3441 271 3501 Me
290 3453 407 3522 tempus
426 3444 602 3514 incurvavit,
623 3445 761 3522 egregius
781 3445 874 3513 faber,

219 3537 278 3596 Sed
298 3538 349 3615 qui
369 3539 561 3598 imbecilliora
579 3538 679 3598 reddit
697 3541 843 3598 omnia-—

217 3667 257 3679 —
277 3631 432 3692 Senectam
451 3644 567 3693 aetatem
587 3633 661 3711 quid
680 3634 754 3692 mihi
773 3644 808 3693 ut
828 3634 938 3693 malum
959 3637 1124 3714 exprobat?

219 3729 317 3802 Quam
336 3749 396 3787 non
415 3730 507 3807 apisci
528 3730 596 3789 vitoe
615 3731 712 3808 pretio
732 3730 872 3801 constitit,

218 3824 317 3896 Quam
336 3826 436 3885 cuncti
456 3824 710 3904 concupiscimus:
729 3836 760 3885 at
779 3847 848 3886 cum
867 3829 991 3899 venerit,

261 3966 269 3996 ¹
284 3973 359 4016 anteo
375 3967 510 4031 Schweigh.
527 3968 579 4018 elne
593 3981 674 4018 muse.

262 4044 320 4093 ¹A.
342 4047 429 4095 Viam
443 4053 471 4094 tu
484 4047 546 4096 dicia
559 4045 624 4096 loo?
655 4045 686 4095 Β.
702 4046 871 4110 &panonia
884 4048 976 4100 dent
1007 4048 1143 4112 Schweigh.

261 4118 401 4170 'othelm
416 4121 552 4185 Schweigh.

261 4198 272 4227 ⁴
290 4196 328 4243 11⁶
343 4196 478 4260 Schweigh.

261 4279 365 4326 ⁸omm
381 4273 517 4336 Schweigh.

1064 4363 1351 4452 [raam-omn.
