2990 5010
211 343 279 408 140
377 353 626 405 comconuu
657 355 892 406 annuorum
919 353 1183 405 cananeum.

210 559 276 616 quo
294 537 416 616 quidem
436 538 647 618 dato,pri1nua
667 549 747 600 certe
763 559 866 599 versus
885 539 1074 610 constitisset,
1094 539 1172 598 alter
1186 547 1290 600 tamen
1308 540 1348 598 ob

210 652 316 693 vocem
326 633 470 694 ἀθάνατον
483 635 686 704 claudicasset,
700 635 787 713 cujus
798 635 925 713 primam
941 635 1057 713 ubique
1068 634 1190 712 longam
1209 654 1274 694 esee
1290 653 1347 692 uo-

210 730 288 788 tovit
302 731 449 791 Poreonus
465 730 504 790 ad
521 731 631 808 Enrip.
642 729 727 790 Med.
742 738 872 801 13910.
910 731 1073 790 Tricliniua
1084 731 1124 790 ad
1143 730 1235 809 Soph.
1249 731 1346 790 Eiect-

210 835 278 898 229·
309 827 342 886 υίς
361 825 409 886 οὖν
428 826 468 886 rai
485 825 628 887 α’θάνατος
646 825 758 906 εὕρηται
779 825 820 885 αἐί
840 823 878 885 τοί
894 852 914 883 α
933 823 1003 907 ἔχον
1018 826 1135 907 μακρδν,
1155 824 1199 884 καί
1218 825 1258 884 τιί
1273 826 1345 886 α’κᾶ·

208 946 309 993 ματος,
329 934 429 980 κ.τ.λ.
469 922 577 982 Obiter
599 923 718 991 notabo,
737 921 871 980 Elmeleii
896 941 1026 982 errorem
1045 922 1078 980 iu
1100 932 1172 981 nota
1189 921 1241 1001 (ex
1261 924 1346 982 Auc-

166 1009 170 1012 ’
209 1018 300 1098 tario)
323 1018 361 1077 ad
378 1017 534 1098 Aristoph.
551 1017 683 1077 Acharn.
694 1024 744 1086 47.
764 1017 806 1076 sic
827 1017 1002 1078 festinanter
1021 1017 1187 1088 scribentis,
1203 1017 1346 1077 carm

205 1110 332 1191 primam
346 1111 377 1170 ίυ
390 1109 531 1172 ἀθάνατος
544 1111 661 1191 corripit
677 1111 776 1170 Aleria
791 1112 870 1192 apud
888 1111 976 1193 Diog.
991 1113 1091 1172 Laert.
1105 1115 1162 1173 &c
1186 1113 1258 1172 eatis
1269 1112 1345 1172 fide·

210 1207 399 1286 litenidque
413 1207 502 1266 etiam
521 1207 554 1265 in
575 1206 679 1267 Indice
699 1208 815 1277 Graeco,
833 1207 954 1266 iterasse
971 1207 1128 1267 Editorem
1146 1207 1343 1286 Lipsienaem.

211 1302 387 1361 Elmsleium
405 1301 538 1380 producit
555 1302 653 1360 Aleria
678 1305 732 1362 &c
751 1310 816 1362 tum
837 1301 984 1372 debuisse,
1006 1312 1071 1361 tum
1092 1302 1181 1362 etiam
1202 1301 1345 1373 voluisse,

208 1418 247 1458 ex
260 1398 332 1457 locis
344 1419 362 1456 a
376 1396 449 1456 Viro
461 1397 513 1457 illo
526 1409 613 1457 acuto
625 1397 668 1456 ibi
682 1397 777 1456 allatis
790 1397 838 1456 vel
851 1397 939 1476 taipae
954 1397 1144 1456 manifestum
1157 1407 1211 1456 eet.
1250 1397 1344 1469 Quod

209 1494 249 1553 ad
269 1497 364 1571 φίλους
383 1494 498 1564 attinet,
514 1516 532 1554 a
546 1494 673 1553 Morelio
689 1492 829 1572 explendi
846 1514 949 1554 versus
966 1513 1055 1554 causa
1072 1493 1219 1562 additum,
1240 1513 1345 1554 eneam

209 1587 280 1648 huic
297 1589 473 1648 adsumente
489 1589 578 1667 plane
591 1588 675 1648 dedit
693 1588 900 1667 Xenophontis
917 1589 1000 1648 locus
1016 1587 1127 1669 Cyrop.
1142 1587 1231 1647 VIII.
1251 1596 1344 1660 2.19t

205 1679 264 1755 ἐγοί
275 1681 314 1754 δὲ,
332 1681 396 1742 ‘roric
415 1687 510 1761 φίλους
524 1687 671 1742 πλουσίους
685 1684 780 1755 ποιεῖν,
797 1681 915 1744 τοιίτους
931 1709 977 1757 μοι
996 1683 1095 1762 νομίζω
1112 1681 1279 1762 θησουροίς,
1296 1683 1343 1742 καί

205 1775 333 1858 φύλακας
346 1777 404 1852 ἅμα
417 1777 485 1852 ἐμοῦ
497 1803 531 1840 τε
544 1777 588 1840 καί
602 1781 659 1838 τῶν
670 1776 811 1860 ἡμετέρων
826 1778 941 1854 donorio
957 1775 1142 1859 πιστοτέρους
1159 1775 1236 1850 εἶναι,
1245 1791 1347 1840 κ.τ.λ.

267 1890 277 1920 ⁹
298 1890 375 1950 Vide
395 1889 433 1948 ad
453 1891 626 1968 Fragmenti
644 1891 779 1969 proxime
800 1892 950 1970 sequentis
969 1910 998 1950 n.
1015 1901 1040 1951 l.

268 2002 288 2031 ¹⁰
308 2001 464 2061 “Videtur
477 2001 553 2062 hanc
568 2002 742 2061 comoediam
759 2003 881 2062 vertisse
895 2002 1030 2074 Plautus,
1042 2002 1130 2082 cujus
1142 2004 1257 2064 exstitit
1267 2005 1344 2065 olim

208 2097 367 2174 Dyscolus‚
391 2119 407 2156 e
429 2119 488 2176 qua
506 2118 604 2176 pauca
622 2098 768 2156 dunuxat
791 2098 959 2176 fragmenta
978 2102 1163 2176 eupereunt’'
1201 2101 1344 2160 Cartare.

209 2201 229 2228 “
240 2193 295 2252 Est
313 2203 413 2253 autem
433 2190 567 2250 δύσκολος
585 2194 663 2256 Immo
682 2213 807 2252 morosas
824 2201 850 2252 et
861 2191 1049 2272 fastidiosus,
1073 2194 1123 2253 cai
1144 2195 1216 2255 οίίιίὶ
1233 2195 1343 2276 placet,

205 2289 264 2348 υἱοί
284 2291 358 2368 quod
378 2287 536 2369 ipaesact't,
554 2289 635 2348 immo
656 2311 691 2348 ae
711 2290 762 2348 ίιοο
783 2289 900 2370 quiden,
919 2301 955 2349 ut
974 2292 1050 2350 bene
1067 2291 1197 2370 explicat
1213 2295 1342 2356 Casaub.

205 2386 246 2444 ad
265 2385 386 2463 Athen.¹
399 2386 453 2444 1v.
473 2406 504 2464 p.
523 2384 588 2448 146.
608 2407 636 2445 e.
657 2385 723 2447 coll.
745 2385 866 2445 Wessel.
888 2386 927 2445 ad
949 2387 1075 2446 Diodor.
1095 2387 1155 2448 Sic.
1177 2389 1202 2448 1.
1222 2410 1255 2469 p.
1273 2399 1344 2452 118.

205 2481 366 2560 Ejusmodi
384 2481 478 2559 igitur
498 2480 627 2540 hominis
644 2481 799 2558 ingenium
817 2491 850 2540 et
868 2501 966 2540 mores
983 2483 1147 2542 Menander
1164 2483 1221 2544 hac
1237 2485 1345 2548 fabula

205 2577 445 2646 adumbraverat,
471 2576 505 2635 id
529 2576 612 2655 quod
634 2575 697 2654 jam
723 2589 792 2636 ante
817 2595 887 2635 eum
913 2577 1025 2636 fecerat
1044 2577 1268 2640 Mneeimachue
1290 2601 1345 2660 ap.

205 2672 316 2736 Athen.
329 2692 361 2750 p.
374 2679 440 2742 359.
455 2674 497 2734 c.”
523 2673 674 2733 Matura.
709 2672 762 2750 qui
782 2671 897 2732 dehac
916 2672 1018 2735 fabula
1038 2674 1159 2758 omnino
1182 2676 1345 2737 consulen-

205 2768 263 2826 dus
283 2768 384 2828 estad
405 2768 543 2828 Meuand.
564 2790 594 2848 p.
608 2776 655 2839 49.

684 3039 787 3110 VIII.
828 3044 859 3106 2.

292 3265 430 3352 Πολλοί1
455 3255 489 3330 ii
512 3257 668 3356 κρεῖττόν
693 3260 785 3330 ἐστιν
807 3260 955 3358 ἐμφανὴς
977 3265 1087 3359 φίλος,

304 3376 323 3462 ἢ
347 3379 492 3454 πλουτὸς
511 3377 650 3476 α’φονὴς,
671 3371 709 3449 ὃν
732 3376 773 3449 συί
799 3376 978 3476 κατορύξας
1004 3375 1119 3477 ἔχους’.

959 3523 1055 3604 Apud
1075 3525 1166 3587 Scor.
1185 3527 1260 3588 ibid.

263 3715 270 3746 ¹
293 3713 393 3792 Vulgo
412 3710 535 3774 Πολλδν.
573 3719 592 3746 “
603 3711 708 3794 Πολλοί
726 3710 852 3774 Gesneri
864 3730 977 3789 margo,
993 3711 1026 3770 B.
1040 3731 1079 3770 m.
1094 3732 1116 3772 a.
1157 3711 1250 3772 Hunc
1270 3733 1334 3774 ver·

201 3831 270 3870 sum
287 3831 306 3870 a
319 3809 558 3889 praecedentibus
574 3808 707 3888 rejunxit
724 3807 856 3878 Grotius,
874 3817 905 3866 et
927 3807 1042 3867 lacerto
1062 3806 1179 3868 tribuit
1221 3809 1262 3867 Et
1282 3809 1334 3878 aie,

203 3915 238 3966 ut
251 3904 378 3974 videtur,
393 3904 512 3964 Trinc.”
545 3903 716 3962 Garsaonn.
751 3901 890 3983 Sejunxit
909 3902 997 3962 etiam
1012 3903 1172 3963 Gesnerue.
1214 3903 1335 3964 “Recte

203 4021 272 4060 cam
296 4001 401 4061 ceteris
424 3999 580 4080 conjunxit
600 3997 782 4058 Schowius.”
822 3998 973 4058 Marion.
1022 3987 1247 4078 sejungendum
1270 4020 1333 4060 esee

201 4117 221 4154 a
243 4095 334 4174 priori
350 4095 407 4157 hoc
419 4097 652 4174 Fragmentum,
668 4094 777 4154 diserte
795 4092 925 4152 ostendit
943 4094 1111 4172 argumenti
1131 4105 1246 4168 natura,
1265 4115 1334 4172 quar

203 4189 292 4266 Ionge
308 4189 365 4250 alia
381 4201 435 4262 eet,
453 4210 509 4251 nee
522 4210 590 4249 cum
608 4189 787 4268 Fragmento
799 4187 985 4249 antecedenti
1001 4188 1163 4270 quicquam
1177 4209 1333 4250 commune

200 4286 299 4346 habet
