2948 5010
610 338 837 389 VERSIONES
860 340 1033 389 LA'HNAE.

666 525 741 637 ⁵11.
786 561 841 658 (1³ss
858 573 945 655 112.)

536 781 710 840 Melioribus
729 781 931 842 Bacchanalia
951 784 1107 862 agentibaa

257 909 392 969 Advorte
412 911 496 970 sodes
515 911 655 988 nunquid
674 932 710 971 ex
729 933 787 971 usu
805 913 920 990 loquar.

259 1005 404 1065 Miserum
424 1016 528 1084 suapte
546 1016 653 1065 natura
671 1007 780 1065 arrimal
799 1016 844 1065 est
862 1007 960 1079 homo,

259 1100 303 1159 Et
322 1101 384 1160 vita
406 1111 517 1180 quanta
538 1111 647 1181 quanta
666 1113 712 1162 est
731 1112 827 1162 scatet*
841 1101 1052 1163 incommodis:

260 1196 436 1256 Lenimente
455 1196 523 1256 ideo
543 1197 621 1256 curis
643 1207 673 1258 et
693 1198 812 1257 solatia¹

259 1289 325 1348 Sibi
343 1290 408 1369 ipsa
431 1292 550 1370 reperit.
568 1305 700 1370 mamque
722 1307 807 1351 mens
829 1293 944 1372 proprii
960 1291 1033 1352 mali

164 1395 166 1402 '
259 1385 370 1458 Oblita,
395 1387 497 1447 alienis
517 1389 590 1447 dum
611 1409 642 1448 se
662 1389 773 1448 mulcet
795 1389 930 1459 miseriis,

259 1483 434 1542 Doctrinam
453 1485 564 1564 pariter
588 1505 657 1544 cum
677 1485 830 1563 voluptate
851 1484 979 1544 imbibit.

259 1577 394 1637 Primum
414 1581 565 1658 tragoedos
586 1580 611 1639 si
627 1579 724 1658 placet
745 1580 898 1640 considera

258 1674 357 1744 Quam
376 1675 502 1752 pulchra
527 1676 599 1742 dent
622 1675 808 1734 documenta.
827 1693 897 1733 nam
921 1674 973 1753 qui
993 1695 1109 1753 pauper
1133 1686 1195 1745 est,

255 1767 317 1828 Ubi
336 1771 542 1849 pauperiorem
569 1791 599 1830 se
621 1770 761 1849 cognovit
785 1771 962 1850 Telephum,

257 1864 304 1924 lbi
325 1876 531 1944 paupertatem
550 1867 610 1925 fert
632 1886 715 1924 suam
737 1865 920 1944 patientius².

254 1959 403 2018 Limfatur
422 1960 544 2039 aliquis:
572 1961 775 2020 Alcmeonem
794 1960 947 2038 conspicit.

256 2054 360 2114 Oculis
378 2056 514 2115 laborans
534 2076 626 2116 caecos
646 2056 789 2115 Phinidas
808 2055 900 2115 videt.

256 2149 371 2208 Natum
391 2150 475 2210 effert
494 2150 586 2209 alius:
615 2151 713 2210 Niobe
732 2151 884 2230 lugentem
904 2151 992 2210 levat

254 2243 346 2306 Dolet
363 2245 413 2305 hic
433 2266 464 2305 se
483 2245 638 2306 claudum:
667 2246 719 2305 sed
744 2245 938 2305 Philoctetem
957 2242 1048 2306 videt

255 2340 348 2399 Miser
367 2340 400 2399 in
420 2350 537 2400 senecta
556 2351 615 2400 eet:
640 2341 773 2400 intuetur
795 2341 935 2400 OEneum.
990 2351 998 2368 ‘

254 2436 302 2496 Ita
321 2437 458 2516 quisque,
485 2437 558 2496 dum
578 2437 711 2496 evenisse
730 2437 857 2515 majores
877 2437 939 2496 suis

257 2531 338 2592 Olim
358 2532 423 2591 aliis
446 2532 624 2592 calamitates
648 2551 748 2591 secum
768 2531 888 2610 cogitat,

258 2626 370 2684 Animo
388 2626 520 2705 aequiore
538 2628 597 2686 fert
616 2627 757 2686 Fortuna
776 2626 908 2705 injurias.

253 2840 388 2902 Adverte
408 2862 508 2922 quaeso
526 2864 600 2903 num
620 2844 702 2923 quod
720 2863 756 2902 ex
775 2863 833 2902 usu
852 2853 897 2902 est
915 2843 1021 2921 loquar

203 2979 205 2984 ,
253 2938 312 2997 Est
331 2939 532 2999 calamitosum
551 2940 660 2999 animal
679 2960 732 2999 sua
750 2949 856 2998 natura
874 2939 973 3010 homo,

254 3036 429 3114 Multasque
450 3057 551 3097 secum
571 3036 633 3095 vita
653 3037 712 3095 fert
733 3035 890 3096 molestias.

256 3132 333 3192 Mali
353 3133 490 3192 levamen
509 3133 642 3212 repperit
663 3133 715 3192 sed
733 3133 791 3191 hoc
814 3131 870 3201 sui,

255 3228 299 3288 Ut
318 3226 490 3287 calamitatis
508 3227 662 3287 immemor
682 3227 745 3306 jam
765 3245 849 3286 mens
871 3246 942 3296 suae,

254 3323 439 3401 Habensque
458 3323 497 3382 ab
516 3322 612 3382 alieno
629 3322 708 3381 malo
728 3321 839 3391 solatia,

254 3418 441 3478 Documenta
459 3418 566 3496 capiat,
592 3427 723 3478 recreata
744 3414 910 3496 paululum.

255 3513 392 3572 Primum
410 3512 538 3590 tragoedi
557 3522 668 3591 quante
687 3511 842 3572 commoda
860 3511 1005 3580 adferant,

255 3609 418 3688 Perpende,
441 3609 534 3668 sodes.
575 3609 607 3668 Si
628 3608 695 3687 quis
717 3617 762 3667 est
784 3607 992 3685 pauperculus,

254 3704 370 3783 Majore
392 3718 528 3783 pressum
551 3703 576 3761 si
595 3704 710 3762 videbit
733 3700 900 3780 Telephum

254 3799 456 3872 Mendicitate,
482 3797 579 3858 lenius
601 3818 684 3857 susm
707 3799 784 3858 feret

255 3894 485 3955 Mendicitatem.
511 3894 632 3953 insanus
651 3903 734 3952 estne
754 3893 925 3972 quispiam?

298 4079 305 4108 ¹
321 4079 432 4128 solatiam
452 4076 588 4138 Schweigb.

297 4171 307 4199 ¹
322 4171 401 4220 Vertit
418 4171 557 4220 Hadrianus
573 4169 679 4216 -luoluss

515 4247 670 4308 Egcntiarcm
683 4245 800 4304 sasaicsa
819 4245 950 4306 Telephum

515 4323 618 4370 Dircam
632 4335 731 4382 arcam,
746 4320 854 4382 inopiam
863 4320 918 4379 scri
931 4323 1032 4384 aquius.
