2948 5010
447 337 681 412 'versiones
704 359 876 410 ulmum.

498 667 544 732 11.
575 672 607 732 2.
652 667 707 754 (Ρ.
724 666 812 747 100.)

79 879 227 938 Mundus
247 881 366 958 genitor
384 881 600 961 cunctiparens,
622 891 760 959 satorque
779 900 889 950 rerum,

78 977 201 1034 Causas
219 976 375 1035 hominum
394 997 455 1036 non
472 979 548 1037 bene
572 975 656 1034 novit
678 975 823 1035 arbitrari.

81 1071 170 1129 Sunt
192 1091 246 1150 per
270 1071 330 1130 sola
352 1081 439 1130 terrae
458 1071 545 1145 mola,
569 1091 685 1149 semper
708 1080 738 1131 et
761 1071 854 1142 fuere,

83 1165 259 1243 Multisque
278 1165 364 1225 mulis
385 1165 519 1244 undique
542 1165 654 1246 gaudet
672 1165 854 1224 universum

84 1259 151 1319 Res
171 1260 294 1320 eximias
314 1260 399 1339 queis
417 1261 477 1320 fuit
495 1261 629 1320 invenire
650 1259 742 1328 cordi,

85 1355 160 1415 Sive
181 1356 295 1435 ingenii
313 1357 378 1416 laus
398 1357 477 1416 foret
495 1357 555 1427 illo,
577 1357 639 1416 sive
660 1355 782 1424 dextrae,

83 1450 205 1510 Omnes
222 1451 318 1510 molus
339 1452 393 1512 hos
414 1451 545 1512 cernitur
564 1450 662 1511 exitus
686 1460 819 1512 secutus:

85 1545 189 1624 quue
208 1567 295 1607 omne
314 1549 426 1607 malum
446 1547 572 1608 fluxerat
591 1568 610 1605 a
627 1556 749 1626 parente
769 1545 896 1604 Mundo.

87 1644 210 1702 Mundo
231 1645 347 1723 sapiens
365 1644 469 1722 judice
492 1643 628 1704 Socrates
647 1652 779 1722 putatus,

88 1739 209 1798 Mundo
228 1741 344 1818 sapiens
365 1740 468 1820 judice
488 1741 622 1800 Socrates
638 1749 771 1806 necatur,

87 1836 198 1895 Jussus
218 1836 320 1896 bibere
344 1835 376 1893 in
399 1855 515 1896 carcere
536 1834 679 1914 poculum
701 1833 814 1895 cicutae.

86 1931 185 1990 Crudi
203 1930 308 2010 polypi
328 1930 479 2009 Diogenes
498 1939 649 2009 peremtus
669 1949 736 1989 esu:

87 2026 256 2086 Testudiue
276 2045 345 2086 cum
365 2027 506 2086 scriberet
525 2025 684 2104 AEsehylus
704 2024 836 2084 cadente.

90 2121 210 2181 Glutito
232 2121 317 2182 acino
338 2121 503 2200 strangulat
523 2142 583 2180 uva
606 2132 646 2192 te,
669 2119 847 2198 Sophocles:

91 2217 137 2276 Te
159 2217 321 2295 Euripides
339 2215 372 2274 in
394 2217 510 2276 Thrace
534 2216 596 2284 solo
617 2235 704 2275 canes
726 2223 876 2274 vorarunt

90 2310 169 2371 Atra
187 2312 311 2372 abstulit
329 2312 486 2390 egregium
505 2311 598 2372 fames
619 2310 796 2368 Homerum.

562 2640 761 2650 ..-—-.-..-

458 2853 648 2966 summ.
692 2897 854 2983 (P.101.)

570 3110 745 3170 Phoenicide

91 3233 254 3312 Sphingem
276 3253 388 3296 marem
410 3232 562 3308 equidem,
584 3251 644 3289 non
672 3250 801 3310 coquum
825 3230 930 3290 admisi
948 3231 980 3290 in
1001 3231 1142 3290 domum:

96 3332 227 3409 quue,
251 3339 285 3389 ut
309 3328 482 3407 simpliciter
503 3328 610 3396 dicam,
633 3325 708 3384 nihil
729 3325 865 3404 intelligo

95 3426 209 3484 Horum
233 3445 299 3504 quae
320 3423 477 3502 loquitur¹.
497 3441 616 3498 nanque
639 3421 689 3478 vix
709 3421 879 3491 intraverat,

91 3509 166 3580 Cum
187 3540 235 3580 me
257 3519 416 3598 respiciens
432 3517 496 3576 acri
515 3517 602 3576 vultu
621 3515 803 3592 interrogat:

93 3615 143 3675 Ad
163 3631 274 3674 ooenam
297 3614 437 3673 homones
460 3611 516 3672 ede
540 3619 613 3688 quot
632 3605 791 3668 vocaveris.

94 3711 194 3789 Egone
213 3709 344 3770 vocarim
362 3708 520 3767 hemones?
543 3704 655 3764 delirus
674 3714 749 3782 puto
768 3723 809 3774 es,

92 3809 154 3866 Aut
174 3806 249 3865 ullos
268 3804 343 3864 adeo
361 3804 502 3863 homones
521 3821 569 3860 me
589 3819 674 3858 nosse
694 3803 849 3858 autumas?

94 3901 196 3971 Nemo,
215 3901 337 3979 inquam
357 3919 423 3977 ego,
444 3896 547 3957 aderit
569 3894 602 3953 id
622 3895 751 3954 restabat
774 3893 886 3954 sufficet

135 4095 143 4123 ¹
158 4093 235 4142 Vertit
249 4093 382 4142 Erasmus:

318 4167 410 4228 Recepi
424 4167 452 4212 in
466 4165 527 4214 odes
540 4178 591 4215 oon
604 4175 713 4224 coquum,
729 4163 772 4209 ssd
783 4163 916 4211 mumrdum

318 4243 458 4306 Sphingem,
472 4242 537 4289 nibil
550 4241 614 4290 euim
626 4253 673 4300 per
687 4239 741 4286 deos
755 4240 863 4301 intellipo

316 4321 471 4382 Simpliciter,
487 4333 518 4366 er
532 4317 570 4365 bis
585 4331 638 4378 quo
652 4316 767 4376 loquitur.

92 4401 400 4488 serious-mmm]
