3060 5030
610 357 612 361 ’
670 361 828 410 Αιαιιιε.
1276 343 1315 407 31

192 573 196 582 ·
260 540 274 569 ³
291 539 365 599 Post
380 534 678 619 olea'interrogetive
692 550 834 621 pungunt
848 540 952 600 Morel.
966 538 1082 599 Hertel.
1097 539 1223 598 Caseub.
1234 537 1320 597 Grot.

183 635 353 714 Schweigh.
371 646 402 696 et
418 636 461 696 eie
480 636 512 694 in
532 639 734 716 sequentibus.
775 638 940 697 Dobroeum
953 635 996 696 ite
1013 645 1198 714 puneturum
1217 633 1327 704 fuisse,-

182 731 270 790 foeile
303 730 461 809 colligetur
492 752 530 793 ex
559 752 589 790 n.
618 739 644 792 8.
693 733 774 794 Vide
805 733 884 792 infra
915 732 954 792 od
986 730 1167 810 Antiphani·
1200 729 1320 809 Fregm.

182 827 275 886 XIII.
294 847 325 884 n.
345 834 373 887 3.

260 938 272 968 ⁴
291 935 330 996 τθ
348 941 436 997 νῶτον
456 939 520 998 MS.
539 939 575 997 (l.
595 940 677 1018 apud
696 939 835 999 Dindorl'.

261 1043 465 1105 Μἰίπενίδνσε
491 1044 580 1117 αθτήν
603 1044 776 1127 ε’ῤῥαμμὲναε
804 1045 906 1105 subtus
928 1044 1023 1104 induit
1045 1046 1145 1122 (vetus
1167 1042 1321 1122 meretrix)

184 1139 229 1198 illi
248 1139 389 1220 (juniori)
409 1149 527 1200 σοιιινία
548 1143 705 1221 quedam.”
745 1142 1042 1202 Scnwmonmusne.

262 1253 406 1314 '“leri
429 1252 545 1313 ι’δόντας.
571 1254 706 1315 εἶσιόντας
730 1256 890 1316 Clementis
913 1255 1005 1315 editio
1028 1254 1215 1315 Florentlntt:
1242 1254 1323 1313 unde

183 1347 335 1408 εἰσιδόντας
356 1350 536 1429 Sylburgius
555 1360 585 1409 et
605 1351 728 1409 Grotius
747 1351 780 1408 in
799 1349 959 1429 Excerptis
983 1370 1014 1428 p.
1033 1351 1116 1416 571.”
1161 1349 1322 1408 Dmnone.

185 1445 323 1524 Speciem
356 1446 488 1506 veritatis
520 1445 611 1505 habet
645 1446 806 1505 Clementis
841 1446 931 1505 lectio
966 1444 1113 1504 εἰσιόντας.
1162 1445 1323 1524 Ephippm

185 1538 297 1599 Athen.
321 1535 419 1599 XIII.
434 1560 465 1618 p.
491 1547 555 1607 571.
576 1539 612 1600 Ε.
644 1536 744 1600 ἕτειτό
764 1539 789 1613 γ’
815 1537 935 1610 εἶσιόντ’,
955 1535 1004 1597 ε’όν
1026 1534 1194 1610 λυπούμενοι
1217 1533 1222 1616 Ι
1247 1535 1323 1616 τύχῃ

185 1659 227 1692 τις
248 1633 331 1708 ήμόν,
354 1632 535 1693 ἐκολάκευσεν
555 1631 645 1704 ἡδέως·
671 1633 677 1714 Ι
698 1633 839 1711 ἐφίλησεν,
862 1659 885 1690 κ.
893 1644 956 1691 τ.λ.
983 1629 1122 1711 ήὲταίρα
1144 1650 1183 1690 se.
1213 1630 1324 1690 Athen.

185 1727 261 1789 ibid.
281 1750 311 1808 p.
326 1736 392 1799 589.
411 1729 449 1787 Ε.
476 1726 651 1797 Ἀντισθένης
671 1727 700 1787 δὲ
717 1728 735 1786 ό
752 1725 932 1810 Σωκρατικός
950 1722 1108 1808 ἐρασθέντα
1130 1724 1217 1803 φησίν
1238 1723 1325 1783 adn-dv

187 1822 258 1902 [τόν
277 1822 415 1906 Περικλέα
436 1826 498 1905 sm]
516 1822 677 1883 Ἀσπασίας
697 1823 733 1884 ele
751 1825 802 1895 τῆς
823 1821 925 1905 ἡμέρας
943 1821 1065 1882 είσιόντα
1085 1821 1129 1880 καλ
1145 1819 1260 1902 ἐξιόντα
1276 1821 1326 1881 ἀπ’
1438 1873 1442 1882 ,

186 1918 271 1990 αὖτιῖς
290 1919 471 2001 α’σπόζεσθαι
492 1917 544 1990 τήν
562 1919 716 2000 ἄνθρωπον.
756 1919 885 1980 Introire
904 1921 945 1979 ad
963 1917 1085 1979 amicam
1105 1917 1182 1977 dixit
1203 1919 1325 1980 Terent·

188 2013 265 2074 Hee.
284 2013 342 2073 1v.
365 2023 390 2074 l.
411 2014 459 2076 36.

199 2175 202 2182 .
265 2126 276 2158 ¹
294 2123 382 2207 α’δρθν
394 2144 431 2184 ex
445 2123 600 2184 Clemente
612 2123 729 2183 addidit
745 2126 946 2184 Casnubonue.
987 2123 1200 2202 Theopompus
1213 2123 1325 2184 Athen.

187 2219 274 2278 XIV.
294 2240 325 2298 p.
338 2217 405 2289 649.
426 2219 460 2278 B.
492 2223 597 2284 κοιλίαν
614 2219 740 2302 σκληρόν
761 2218 846 2300 ἔχεις·
870 2219 876 2298 Ι
901 2219 943 2276 τό
965 2225 1090 2300 πετραῖα
1117 2220 1174 2276 πᾶν
1201 2218 1328 2299 ίχθνδίιιν

186 2313 311 2376 α’τέσθιε.
352 2316 425 2375 Mox
447 2341 488 2374 τις
508 2316 570 2396 ἔχει
592 2317 736 2395 seriptum
761 2317 794 2376 in
820 2316 981 2376 Clemente.
1036 2314 1194 2374 Moreliue:
1223 2320 1328 2374 κοιλίαν

186 2408 286 2491 ἔχουσι
307 2408 336 2470 de‘
357 2435 426 2469 τινες
442 2409 447 2492 Ι
465 2411 569 2482 στῆθος
592 2411 635 2483 oie,
653 2438 679 2469 κ.
694 2437 724 2469 τ.
737 2423 765 2469 λ.
812 2411 846 2471 Si
866 2411 975 2489 plurali
998 2429 1123 2470 numero
1143 2430 1219 2491 opus
1239 2422 1327 2483 estet,

187 2505 274 2566 facile
293 2504 459 2583 legeretur:
481 2510 585 2564 κοιλίαν
603 2504 701 2587 ἔχοιτ’
720 2505 823 2587 α’δριίνς
861 2507 921 2566 Sed
939 2505 1016 2564 nihil
1035 2525 1119 2584 opus.

266 2636 278 2666 ⁸
298 2634 408 2706 στήθιες
428 2636 562 2693 τανταισί
581 2636 651 2695 Ald.
671 2636 803 2696 τιτθείαις
824 2635 956 2695 ταυταισλ
976 2636 1102 2696 Ceeaub.
1124 2636 1242 2695 τιτθίαιι
1260 2634 1329 2694 ‘roti-
1399 2671 1401 2676 ·

189 2757 282 2790 τοισιν
312 2731 460 2790 Clemens.
493 2729 579 2788 τιτθί’
609 2729 670 2790 ἔστ’
700 2729 814 2789 αθταΐσι
844 2732 963 2791 Jacobe.
998 2729 1095 2798 στηθί’
1122 2726 1184 2788 ἔστ’
1214 2729 1328 2788 αθταῖσι

188 2826 304 2907 primus
327 2826 514 2886 -Dindorfiue
564 2826 641 2886 Cum
667 2846 739 2886 vero
765 2846 824 2884 vox
851 2826 968 2896 στηθίον
992 2825 1104 2884 nullius
1132 2825 1171 2883 sit
1200 2824 1328 2885 auctori·

188 2922 266 2993 tatis,
301 2921 370 2980 vide
395 2940 494 2980 annon
520 2918 616 2990 στήθε’
642 2920 816 2999 simpliciter
841 2918 1003 2999 legendum
1032 2919 1080 2990 eit,
1113 2917 1200 2977 τιτθί’
1228 2929 1329 2982 autem

188 3037 245 3097 pro
263 3017 439 3095 glossemate
459 3015 646 3076 sumendum.
687 3016 778 3075 Hom.
800 3016 834 3074 11.
856 3017 886 3074 Γ.
908 3023 974 3086 397.
996 3015 1034 3074 de
1055 3015 1189 3074 Helene:
1217 3013 1329 3085 στήθεα

190 3111 212 3170 θ
232 3109 388 3193 ἱμερόεντα,
416 3112 459 3169 καί
482 3108 599 3186 ὄμματα
622 3115 829 3193 μαρμαίροντα.
871 3111 912 3170 Et
932 3111 967 3168 Σ.
989 3118 1036 3170 80.
1056 3110 1141 3190 χερσί
1162 3108 1191 3170 δὲ
1210 3113 1302 3168 πᾶσαι
1324 3102 1329 3182 Ι

189 3205 297 3278 στήθεα
318 3206 511 3281 πεπλήγοντο.
553 3206 669 3266 Callim-
691 3207 764 3267 Lav.
786 3207 860 3266 Pall.
881 3214 928 3267 88.
955 3203 1022 3264 εἶδες
1046 3203 1194 3264 Ἀθαναίας
1216 3204 1327 3265 στείθεα

190 3303 235 3362 καί
260 3301 389 3375 λαγόνας.
439 3301 550 3362 Incerti
576 3302 681 3381 Epigr.
703 3303 796 3362 Anth.
817 3303 870 3361 Gr.
893 3300 969 3361 Vll.
989 3321 1020 3379 p·
1044 3300 1111 3362 631.
1135 3299 1227 3359 Brod.
1254 3296 1330 3382 δειρή

189 3398 319 3472 λνγδινέη,
343 3397 386 3456 καί
405 3395 512 3466 στήθεα
529 3402 736 3477 μαρμαίροντα.
776 3395 895 3457 Deinde
912 3395 1060 3456 claudicet
1076 3416 1107 3456 V·
1128 3404 1172 3456 14.
1189 3393 1330 3474 spondeo

189 3493 222 3552 ln
252 3493 393 3571 quintum
424 3490 525 3551 loeum
556 3490 698 3561 imminuo,
729 3501 873 3572 notatque
906 3489 1082 3549 Dindorfius
1115 3487 1330 3547 οὖτοντιίνδντον

191 3588 336 3667 seriptum
356 3587 439 3667 apud
460 3586 655 3656 Clementem,
679 3606 716 3645 ex
737 3607 799 3665 quo
822 3585 1003 3665 Sylburgiue
1024 3584 1174 3644 τοθνδυτον
1194 3585 1276 3654 feeit,
1299 3595 1331 3646 et

190 3688 310 3743 τοιαῦτα
331 3686 398 3758 γοῦν
414 3685 538 3744 fortasse
557 3682 590 3742 in
609 3681 719 3740 τοιοῦτ’
737 3681 988 3744 ommittendum.
1030 3681 1209 3741 Audiendu·
1226 3691 1328 3742 nutem

190 3779 312 3838 omnino
340 3788 385 3838 est
414 3778 563 3839 Dobraeus
587 3776 714 3852 Advers.
742 3777 777 3836 T.
792 3776 835 3836 11.
858 3798 888 3856 p.
903 3784 970 3838 ³43.
1004 3773 1116 3858 “ἐ’χει;
1149 3774 1243 3833 'lavdi'
1268 3772 1330 3834 ἔστ’

190 3872 303 3932 οθταῖσι
330 3873 448 3934 Jacobs.
480 3874 591 3946 Quare,
625 3872 767 3951 adjuncta
792 3872 949 3952 Sylburgii
980 3872 1196 3942 emendatione,
1228 3871 1329 3931 forsan

190 3968 234 4026 nil
260 3966 455 4048 quaerendum
480 3968 736 4028 Πλὴν-κοιλίαν
766 3966 854 4048 α’δρθν
883 3964 962 4048 ἔχεις
996 3965 1089 4024 Τιτθί’
1120 3963 1182 4032 ἔστ’
1214 3964 1329 4025 αόταΐσι
1366 4007 1368 4012 .

191 4061 301 4122 τοιίπων
326 4061 362 4122 ein
386 4061 484 4144 ἔχοντ’
509 4068 537 4122 οἷ
561 4067 680 4138 κωμικοί.
713 4062 807 4144 Ὀρθό
831 4064 1020 4144 προστιθεῖσα
1056 4063 1161 4134 ταῦτα,
1201 4062 1328 4122 ΤΟΥΝ-

191 4157 332 4217 ΔΥΤΟΝ
359 4183 387 4216 τ.
401 4184 427 4217 κ.
453 4157 586 4239 Ὡστερελ
611 4184 637 4216 ιι.
652 4183 680 4216 τ.
706 4163 741 4216 είς
764 4157 802 4215 τό
827 4183 876 4238 πρ.
900 4156 1057 4230 α’πήγαγεν.
1097 4157 1211 4219 Venter
1233 4158 1329 4219 addu-

191 4252 279 4322 citur,
300 4253 341 4311 ita
360 4263 395 4311 ut
414 4273 543 4331 superne
562 4262 693 4323 tumeet;
715 4272 776 4330 quo
794 4271 956 4311 mammone
975 4249 1138 4311 videntur.''

204 4375 208 4388 ¹
271 4363 281 4394 ⁸
302 4365 459 4444 προσθεῖσα
479 4364 624 4433 Clemens,
646 4375 676 4423 et
696 4383 764 4422 mox
777 4361 933 4434 α’πήγαγεν.
