2990 5010
234 300 299 367 166
403 315 651 365 conroonnn
676 312 909 363 onnconun
933 312 1201 361 anserinum.

233 515 263 572 p.
281 501 347 559 237.
365 493 399 550 F.
425 492 510 550 Plato
527 492 611 549 Com.
632 512 677 569 ap.
699 490 849 550 Plutarch.
877 490 944 549 Nic.
965 488 1024 548 Ill.
1045 511 1076 568 p.
1095 497 1160 556 370.
1182 488 1231 548 ed.
1252 487 1328 548 Cor.
1348 503 1376 548 et

233 587 447 666 Aristophanes
459 587 542 666 apud
560 586 673 645 Pollae.
686 581 758 643 v11.
775 594 841 646 143.
862 585 915 663 qui
934 585 1018 644 loeus
1035 606 1053 643 a
1074 583 1237 653 Brunckio,
1266 583 1301 642 ni
1321 584 1375 642 fnl-

233 684 287 754 lor,
309 684 472 762 neglectus,
490 705 508 742 a
530 683 679 760 scaligero
700 691 799 740 autem
819 680 904 759 Conj.
926 681 958 739 in
978 681 1062 739 Varr.
1087 679 1143 739 1v.
1158 700 1188 758 p.
1205 687 1256 749 91.
1275 679 1376 738 minan

233 789 313 839 recte
333 789 484 852 tractatus,
511 778 553 835 ita
575 776 799 836 constituendus
822 787 883 835 ests
910 774 998 833 Ὦστ’
1023 772 1187 834 ἀνακύπτων
1212 773 1258 832 καὶ
1283 799 1375 832 κατα-

235 875 342 934 κύπτων
355 877 407 934 τοῦ
421 873 571 955 σχήματος
584 874 673 931 εἵνεκα
687 872 768 931 τοῦδε
779 870 935 941 Κηλιύνειον
948 879 1007 931 τοῖς
1020 872 1193 953 κηποιιροῖς.”
1215 871 1374 930 Malum.

236 971 376 1032 Timoclls
396 970 480 1030 locus
498 979 557 1028 est:
589 965 658 1049 γε’ρα
678 966 733 1050 γαρ
759 967 854 1027 αύτοΐς
880 966 976 1027 ταύτιῖ
999 974 1058 1025 τοῖς
1084 963 1231 1040 τιν’λύμτια
1254 965 1260 1048 Ι
1282 970 1374 1025 etnim

234 1066 349 1137 δίδοται,
370 1062 577 1146 χρηστότητος
604 1063 709 1136 οὕνεκα,
731 1061 736 1144 Ι
756 1066 874 1134 σι’τησις.
909 1064 955 1123 Ita
977 1063 1152 1122 Dindorfius
1169 1083 1227 1142 pro
1246 1063 1376 1142 vulgato

234 1165 330 1220 εἵνεκα.
371 1160 504 1219 Platonis
526 1179 628 1221 versus
650 1170 710 1219 est:
732 1159 765 1217 ου’
783 1159 838 1241 ηᾶρ
862 1159 997 1219 τοιούτων
1015 1158 1090 1218 εἵνεκ’
1113 1156 1244 1240 ὄστραχ’
1267 1157 1373 1240 cipido.

234 1258 271 1316 In
292 1253 499 1333 Aristophanis
521 1255 700 1334 Fragmento
723 1253 829 1327 ούνεκα,
856 1264 886 1315 et
908 1257 1052 1325 κηλανείον
1071 1253 1166 1313 edidit
1192 1253 1374 1315 Dindorfins

236 1352 315 1410 Poet.
331 1352 377 1410 Sc.
392 1351 446 1409 Gr.
459 1370 490 1429 p.
507 1349 571 1411 156.

292 1455 313 1484 ¹²
333 1452 443 1527 “Quid
468 1454 554 1513 sodes
580 1463 625 1513 est
651 1452 818 1512 ἀπαιδεύτου
845 1451 1011 1525 πνεύματος,
1045 1452 1156 1513 indocta
1191 1457 1375 1532 impertae?

234 1551 376 1614 Haeeeine
399 1560 460 1609 tam
479 1550 627 1628 patienter
647 1550 741 1610 ferri?
784 1551 866 1627 Lege
887 1549 949 1608 sine
968 1547 1069 1617 dubio,
1086 1546 1140 1606 'Ao
1159 1547 1182 1604 δ’
1201 1547 1374 1610 ἀπαίδευτοι

232 1647 371 1727 μετασχῇ
396 1642 550 1718 πνεύματος
575 1643 751 1725 φορούμενος.
790 1643 920 1713 Artifex,
944 1643 1006 1722 jam
1033 1642 1158 1713 dixerat,
1186 1643 1280 1704 habet
1303 1666 1373 1725 por·

232 1751 307 1812 tum,
328 1761 388 1820 quo
405 1760 436 1800 se
453 1739 592 1818 recipiat:
615 1739 654 1800 At
671 1739 698 1797 ri
715 1739 843 1798 indoctus
860 1747 886 1797 et
902 1738 979 1797 iners
998 1744 1162 1817 tempestate
1168 1739 1312 1818 jactatur
1324 1739 1372 1811 sit,

232 1837 308 1895 nihil
324 1834 557 1915 habetperfngii
573 1835 605 1893 in
621 1838 799 1896 senectute.''
832 1834 957 1893 Bnnrn.
997 1832 1165 1892 αἶταιδεντος
1190 1847 1373 1914 receperunt

233 1931 358 2010 Walpol
379 1939 409 1990 et
429 1929 559 1990 Meinek.
600 1930 758 2009 Perperam
775 1939 875 1989 autem
893 1929 1045 1988 Bentleius
1061 1933 1209 2010 μετασχῇ,
1224 1941 1372 2010 mouente

234 2026 395 2086 Meinekio.

292 2131 313 2162 ¹⁸
332 2132 578 2211 “Transponenti
596 2130 671 2190 mibi
693 2142 753 2191 tres
774 2151 877 2191 versus
900 2131 928 2202 6,
943 2139 971 2200 7,
985 2140 1012 2192 8.
1046 2129 1123 2189 ἀλλα
1143 2129 1271 2212 χρήματ’
1292 2130 1372 2191 ἔστιν

231 2226 335 2287 ——s's
361 2226 413 2298 reio
434 2227 537 2308 αὔριον,
556 2237 625 2306 post
646 2225 694 2285 ούκ
720 2224 781 2308 ἔχει
809 2230 1056 2307 serapiam-12.
1082 2245 1161 2305 pene
1186 2227 1370 2288 assentieba-

101 2339 106 2344 ’
231 2333 281 2382 tur
302 2323 476 2382 Porsonus.''
510 2322 611 2382 Dosa.
651 2322 751 2396 Quam
765 2321 1033 2401 transpositionem,
1053 2323 1092 2381 ab
1111 2320 1178 2400 ipso
1199 2323 1369 2400 probatam,

233 2417 344 2477 Kiddio
356 2417 455 2476 minus
467 2427 548 2476 recte
564 2417 671 2478 tribuit
685 2417 862 2478 Meinekins.
902 2415 979 2476 Vide
993 2415 1116 2476 Poreon.
1134 2415 1243 2476 Traces
1254 2437 1285 2497 p
1303 2426 1368 2491 189.

291 2530 312 2562 ¹⁴
331 2530 377 2588 eol
397 2527 560 2598 Hertolius,
579 2537 649 2607 post
668 2527 839 2587 Morelium.

291 2633 311 2662 ¹⁸
331 2641 352 2668 “
359 2632 398 2692 V.
412 2631 565 2711 Wyttenb.
580 2633 618 2692 ad
634 2632 783 2692 Plutarch.
798 2633 824 2691 1.
837 2652 868 2711 p.
882 2641 928 2703 49.
941 2632 1000 2690 D.''
1040 2632 1190 2692 Mnmnn.

290 2734 311 2764 ¹⁸
337 2734 476 2795 “Confer
502 2735 691 2815 Euripidem,
725 2736 774 2795 vel
796 2733 1079 2815 potiue=ffiieum,
1114 2735 1226 2795 stobaei
1249 2735 1366 2796 CXIV.

230 2849 260 2908 p.
275 2835 340 2899 584,
362 2834 547 2897 41:473?
587 2831 688 2894 Dona.
738 2831 859 2894 Comieo
884 2830 974 2891 etiam
1000 2831 1107 2891 tribuit
1133 2831 1259 2892 Grotius
1285 2831 1368 2911 apud

231 2923 443 2983 Gaisfordium.
482 2925 580 2986 Locus
597 2935 659 2986 est:
686 2924 827 3000 μηδέποτε
847 2934 945 3007 πεῖραν
961 2933 1020 2984 τοῖς
1038 2927 1109 2985 θεοῖς
1125 2926 1213 3008 εύχον
1228 2926 1343 3002 λαβεῖν,
1360 2925 1367 3006 Ι

231 3017 354 3093 Φαίδιμε,
375 3019 506 3078 τοιούτου
530 3018 651 3095 μηδένας,
673 3019 735 3094 μηδ’
761 3019 864 3081 ailivae
887 3019 945 3103 {eir
964 3018 1042 3082 ἔστιν
1066 3019 1153 3104 ἑτέρη
1176 3019 1272 3102 ῥᾴδιον
1292 3047 1368 3102 mp-

230 3112 344 3175 αινέσαι.
386 3116 535 3176 Plutarch.
549 3116 609 3176 Vll.
624 3117 696 3176 Feb·
715 3118 796 3176 Max.
812 3138 842 3196 p.
858 3125 922 3178 184.
937 3118 971 3175 Β.
996 3117 1028 3176 ού
1049 3117 1133 3191 μόνον
1154 3116 1177 3175 δ’
1195 3116 1227 3188 ἦν
1246 3115 1305 3198 ἄρα
1331 3127 1369 3178 τὸ

231 3213 319 3282 Φίλαν
344 3217 441 3293 τεΐραν
467 3209 575 3286 λαβεῖν,
606 3210 640 3269 οἷς
666 3209 812 3292 Εύριτύδης
838 3211 931 3290 φησ1ν,
965 3211 997 3270 ού
1023 3209 1138 3294 σμικρδν
1164 3211 1258 3285 sande,
1290 3215 1370 3274 o'hhd

229 3305 273 3363 sol
290 3302 328 3362 τύ
349 3307 487 3386 φρονίμων
507 3307 687 3386 στρατηγῶν.
728 3305 869 3366 Ceterum
883 3315 952 3385 post
972 3309 1059 3384 φίλων
1078 3307 1184 3368 leviter
1201 3309 1269 3387 figit
1286 3310 1369 3372 Mel·

230 3399 355 3470 nekius;
376 3400 462 3459 male.

287 3505 308 3538 ¹'
327 3505 375 3563 Ita
387 3505 477 3564 etiam
493 3505 628 3565 Meinek.
644 3505 696 3565 sed
711 3515 792 3566 recte
810 3505 906 3580 γνιύσει
925 3505 1019 3564 Burn.
1033 3516 1064 3565 et
1079 3505 1207 3588 Walpol.
1235 3507 1369 3570 Pessime

230 3601 351 3661 Grotius
373 3598 483 3674 γνιύσεις
507 3600 543 3660 ἂν
568 3600 668 3661 αύτούς
691 3622 729 3662 ex
749 3601 917 3662 casauboni
937 3601 1143 3662 emendatione
1163 3603 1327 3683 adoptavit.

288 3713 309 3744 ¹⁸
328 3712 565 3793 Soph.Aj.125.
592 3712 649 3793 δριῖ
669 3713 724 3796 ηδρ
745 3713 816 3787 η’μιῖς
836 3712 913 3774 ον’δὲν
934 3712 1018 3772 ὄντας
1038 3711 1121 3786 ἄλλο,
1145 3714 1219 3785 τλιὶν
1243 3713 1249 3798 Ι
1268 3715 1369 3787 εἴδωλ’,

228 3807 347 3888 ὅσοιπερ
377 3807 474 3888 (einer,
501 3807 520 3878 ἢ
545 3806 649 3886 κούφην
676 3810 761 3868 σκιάν.
802 3810 849 3869 Cf.
876 3817 906 3868 st
933 3809 1068 3888 ejusdem
1094 3809 1205 3869 fabule
1231 3830 1260 3869 v.
1282 3811 1368 3872 12³6.

229 3901 527 3982 Pind.Pyth.V111.
543 3911 608 3964 135.
628 3903 772 3986 ἐπάμεροι.
790 3907 820 3962 τύ
837 3903 866 3965 δέ
881 3927 940 3976 τις;
967 3909 997 3962 τύ
1016 3903 1038 3963 δ’
1059 3902 1153 3976 οὔτις,
1175 3904 1181 3987 Ι
1201 3908 1280 3966 cende
1297 3905 1367 3988 ὅιαρ

228 3994 378 4078 ἅνθρωπος.
419 3997 571 4076 Aristoph.
585 4000 643 4058 Av-
659 3999 725 4061 685.
752 3999 806 4074 ἄγε
826 3997 859 4070 δη
878 3997 962 4077 φύσιν
977 3999 1073 4082 ἄνδρες
1095 4000 1274 4083 α’μανρύβιοι,
1294 3999 1368 4080 φύλ-

229 4103 283 4150 λιον
298 4092 378 4172 ηενέρ
393 4091 571 4173 προσόμοιοι,
594 4092 599 4174 Ι
619 4093 817 4177 ὀλιγοδρανέες,
840 4093 998 4169 πλάσματα
1020 4097 1121 4169 τηλοῦ,
1144 4094 1280 4157 σκιοειδέα
1301 4095 1368 4174 φῧλ’

228 4184 354 4258 αἶμενηνιύ.
401 4187 478 4247 Vide
501 4199 531 4248 et
554 4188 652 4249 AEsch.
676 4190 784 4270 Agsm.
807 4197 854 4250 81.
876 4200 906 4249 et
927 4191 1107 4250 Blomfieldii
1131 4191 1261 4251 Glossar.
1282 4192 1322 4251 ad
1345 4191 1367 4250 l.

229 4279 434 4341 eonferenda·
455 4292 501 4342 est
524 4282 700 4362 Slnkspear.
729 4283 847 4344 Homlet
868 4285 910 4344 11.
925 4293 952 4348 2.
989 4285 1050 4344 The
1073 4306 1141 4366 very
1160 4285 1315 4348 ulnam
1333 4285 1373 4364 ff
