2948 5010
227 317 293 380 222
583 333 812 384 vnnsronns
841 337 1015 387 nemun

221 511 341 588 Suoque
360 510 451 590 lapau'
466 515 561 573 multa
580 517 699 594 egregia
718 517 851 595 proterit

221 607 265 664 At
282 615 317 664 tu
337 626 405 683 quse
425 607 532 678 amisti,
554 609 727 688 Trophime,
748 631 808 670 non
827 612 962 691 ingentia

220 701 297 760 Sunt
316 702 408 762 adeo:
428 714 493 763 tum
514 726 581 784 quae
600 707 710 784 pateris
731 718 801 766 sunt
819 710 989 780 mediocria,

220 797 290 870 Quo
309 799 404 878 magis
423 799 481 860 hoc
500 802 584 861 triste
604 802 683 862 ferre
701 813 731 862 te
751 803 868 865 modice
887 804 981 868 dccet.

220 1056 250 1115 A
269 1058 372 1117 matris
392 1058 468 1128 alvo,
490 1058 663 1137 Trophime,
685 1060 710 1119 si
729 1070 764 1119 tu
783 1060 933 1138 prodiens,

221 1153 291 1212 Hac
311 1152 378 1231 lege
396 1153 429 1210 in
448 1173 533 1212 auras
552 1153 674 1212 luminis
693 1164 832 1233 receptus
851 1175 893 1226 es,

219 1248 356 1307 Arbitrio
375 1250 479 1307 beatus
499 1258 534 1308 ut
553 1249 637 1310 vivas
655 1259 718 1320 tuo,

217 1343 261 1402 Et
279 1344 337 1402 hoc
357 1345 533 1422 spospondit
553 1345 701 1424 quispiam
721 1345 812 1405 deum
831 1345 897 1415 tibi,

215 1438 355 1498 Irasceris
371 1438 456 1517 jure:
479 1439 619 1518 quoniam
638 1440 716 1498 fallit
735 1440 834 1499 fidem.

217 1532 272 1592 Sin
291 1534 358 1611 lege
377 1533 481 1593 eadem
500 1546 535 1593 tu
556 1554 676 1613 quoque
696 1554 794 1594 aerem
813 1535 916 1604 trahis,

214 1627 355 1706 (Tragice
374 1629 429 1688 tibi
449 1640 484 1688 ut
502 1629 619 1708 loquar)
639 1630 774 1688 homines
795 1650 854 1709 qua
874 1630 982 1700 caeteri,

218 1722 403 1782 Moderatius
423 1733 493 1782 sunt
511 1723 576 1784 haec
595 1724 720 1784 ferenda
739 1734 769 1783 et
788 1724 893 1783 lenius.

218 1819 297 1876 Nam
317 1820 409 1878 verbo
429 1830 464 1877 ut
482 1839 544 1878 nno
563 1819 674 1892 finiam,
694 1829 782 1878 natus
802 1840 834 1878 es
854 1820 953 1890 homo,

216 1913 286 1986 Quo
305 1914 422 1973 nullum
441 1914 550 1972 animal
569 1913 733 1974 obnoxium
752 1914 825 1973 sorti
843 1915 939 1993 magis

215 2009 321 2086 Ipsum
340 2009 465 2086 erigenti
486 2019 516 2068 et
536 2009 715 2087 deprimenti
735 2010 935 2087 postmodum.

215 2105 256 2163 Et
272 2105 349 2183 jure.
368 2124 487 2182 nanque
513 2114 558 2164 est
577 2105 711 2164 omnium
730 2104 975 2176 infirmissimum,

216 2200 329 2259 Tamen
349 2199 496 2278 implicari
516 2199 653 2258 maximis
672 2200 763 2258 rebus
783 2199 866 2269 solet,

217 2296 374 2372 Ruinaque
394 2295 459 2373 ejus
478 2294 574 2352 multa
593 2294 719 2353 conterit
737 2295 824 2352 bona

216 2392 259 2450 At
278 2391 334 2450 tibi
354 2392 433 2450 bona
451 2409 507 2449 nec
527 2390 633 2448 amissa
653 2400 723 2448 sunt
742 2389 885 2467 ingentia,

214 2489 279 2546 Nec
298 2508 406 2566 magna
426 2497 504 2556 sunt,
527 2486 700 2565 Trophime‚
721 2506 756 2545 ea
775 2506 842 2564 quae
862 2487 973 2564 pateris
992 2487 1086 2546 mala:

214 2581 377 2640 Mediocris
397 2601 470 2659 ergo
490 2582 527 2640 sit
547 2591 618 2640 tuus
638 2580 763 2659 posthac
784 2580 876 2638 dolor.

1094 2677 1136 2735 H.
1152 2679 1287 2741 Srrrnu.

213 2856 291 2913 Nam
312 2854 336 2912 si
356 2866 395 2924 te,
416 2856 557 2924 Alumne,
578 2855 715 2933 genetrix
736 2873 830 2931 quum
850 2854 968 2932 peperit
987 2865 1047 2924 tua,

212 2951 280 3009 Hac
300 2960 378 3008 sorte
398 2969 429 3008 es
448 2969 527 3008 unus
547 2950 680 3008 omnium
699 2950 733 3008 in
751 2949 849 3008 lucem
869 2949 976 3019 editus,

211 3045 283 3105 Tibi
304 3055 411 3105 cuncta
429 3056 465 3105 ut
483 3045 638 3105 evenirent
657 3064 725 3122 quae
746 3044 836 3103 velles
856 3046 951 3114 bona,‘

211 3140 310 3220 quue
329 3140 435 3200 annuit
453 3159 630 3219 magnorum
651 3139 800 3218 quispiam
819 3138 927 3198 deum:

210 3238 285 3298 Jure
305 3236 419 3316 optimo
438 3235 611 3315 indignaris.
632 3234 719 3293 valde
738 3234 818 3293 enim
838 3234 864 3292 is
883 3233 939 3292 tibi

211 3332 313 3392 Fallax
332 3341 477 3411 repertus.
499 3331 581 3410 quod
601 3330 626 3389 si
645 3330 758 3389 eisdem
776 3329 905 3408 legibus,

210 3428 330 3502 Quibus
349 3447 404 3486 nos
423 3447 534 3496 omnes,
557 3425 692 3504 (tragicis
712 3434 746 3485 ut
765 3425 865 3485 verbis
884 3426 1001 3504 loquar)

209 3525 307 3603 AEque
326 3534 477 3604 patentem
497 3523 612 3583 cunctis
632 3542 731 3582 aerem
750 3521 852 3592 trahis,

212 3620 348 3681 Ferenda
368 3630 438 3680 sunt
456 3619 521 3679 haec
540 3619 646 3688 levius,
667 3627 698 3677 et
717 3618 814 3677 omnis
832 3618 944 3678 rectius

209 3718 299 3778 Ratio
317 3727 362 3777 est
381 3717 526 3777 habenda
550 3715 680 3794 denique
699 3713 764 3774 haec
784 3733 900 3774 summa
920 3725 974 3786 est,
995 3723 1069 3793 puta

210 3814 372 3873 Hominem
392 3833 455 3873 esse
474 3823 514 3883 te,
536 3831 596 3890 quo
614 3809 732 3869 nullum
751 3810 946 3870 animantium
965 3811 1098 3872 omnium

210 3908 322 3968 Extolli
340 3908 473 3986 itemque
492 3906 621 3986 deprimi
641 3905 728 3965 citius
748 3905 831 3965 solet.

210 4005 375 4082 Ipsumque
394 4002 427 4062 id
445 4002 527 4062 haud
545 4000 664 4082 injuria.
690 4001 881 4060 minimarum
900 4001 981 4062 enim

209 4100 247 4160 Id
267 4099 376 4158 virium
396 4108 449 4170 est,
471 4109 502 4159 et
520 4095 657 4158 maximis
678 4116 794 4175 semper
814 4095 924 4168 studet,

209 4194 403 4271 Plurimaque
423 4213 524 4254 aecum
544 4191 699 4253 commoda
718 4191 843 4251 conterit
862 4191 978 4252 cadens
1320 4211 1354 4262 15

208 4292 257 4350 Tu
279 4307 349 4350 vero
368 4300 398 4348 et
418 4307 526 4366 magua
544 4308 603 4346 non
624 4287 747 4346 arrisisti
766 4288 852 4358 bona,

1144 4389 1354 4480 [annm
