2948 5010
462 327 691 377 vunsmNEs
712 326 892 378 LATINAE

103 503 264 564 Restantes
284 507 410 565 frustra:
429 481 463 566 et
483 508 580 586 epulis
597 529 615 566 a
635 507 798 566 Saliaribus

103 598 285 677 Opibusque
304 601 411 679 opimis
434 603 472 660 ad
492 621 588 662 sacras
613 601 697 661 sedes
718 601 847 680 rapit.—

102 818 254 876 —Contm
272 818 522 878 immortalitatem
542 791 689 884 medicine
708 828 753 878 est
771 818 885 878 fames·

552 1145 617 1208 lx.
648 1145 702 1230 (Ρ.
719 1145 786 1224 50.)
847 1065 849 1070 ι

106 1323 166 1394 Qui
185 1323 228 1380 nil
250 1322 353 1400 inique
374 1334 471 1402 patrat
490 1323 560 1382 huic
583 1324 649 1400 lege
671 1323 752 1412 haud
773 1333 923 1402 est-opus.

552 1653 599 1717 x.
644 1654 698 1739 (P.
715 1654 782 1733 51.)

107 1840 286 1918 Quicunque
307 1851 437 1899 ornantes
457 1842 546 1899 orbos
563 1840 670 1898 mentis
690 1839 843 1918 praedicut,

108 1936 139 1994 Is
157 1935 222 2014 ipse
243 1945 371 2012 quantus
392 1945 534 2013 quantust
552 1933 673 2012 ingenio
693 1944 787 1993 caret:

108 2031 187 2088 Nam
209 2030 270 2088 vita
292 2031 330 2088 ab
348 2029 502 2089 hominum
523 2031 546 2088 si
566 2030 749 2108 voluptatem
769 2029 893 2097 auferas,

108 2127 189 2185 Mors
212 2127 276 2204 ipsa
298 2127 360 2184 vito
382 2127 447 2185 fiet:
468 2137 612 2204 praeterea
635 2125 732 2183 nihil&

544 2445 611 2510 xl.
656 2446 713 2532 (P.
727 2444 793 2525 52.)

464 2622 603 2716 Venerali,
625 2647 667 2704 vel
689 2645 882 2704 Veneralibus.

107 2793 225 2870 Lugere
244 2792 352 2851 amicos
372 2793 454 2852 luctu
474 2793 626 2851 moderato
646 2791 749 2850 decet:

106 2888 172 2947 Nec
191 2885 271 2947 enim
290 2889 452 2966 perierunt,
474 2888 526 2947 sed
546 2907 609 2946 eam
631 2867 720 2964 quam
739 2887 898 2946 necessitas

104 2984 219 3043 Indixit
237 2983 351 3042 cunctis
370 2992 592 3042 antevorterunt
611 2983 707 3040 viam:

104 3081 147 3139 Et
169 3101 223 3138 nos
247 3079 328 3139 citati
350 3099 420 3137 mox
440 3099 495 3138 suo
518 3079 652 3158 quisque¹
665 3078 768 3138 ordine

104 3177 253 3252 Cogemur
276 3193 379 3232 omnes
401 3173 432 3230 in
452 3174 532 3233 idem
555 3173 759 3243 diversorium,

105 3270 280 3347 Pariterque
304 3289 372 3327 cum
395 3269 454 3326 illis
477 3289 575 3326 aevum
597 3289 718 3346 agemus
741 3270 875 3329 alterum.

104 3486 227 3545 Modice
247 3486 431 3564 propinquos
451 3485 521 3562 luge
541 3485 634 3555 amice
653 3485 695 3542 mi
716 3496 791 3543 tuos.
844 3547 846 3551 ,

105 3583 183 3640 Nam
206 3582 316 3639 mortui
339 3580 421 3640 haud
442 3589 519 3649 sunt,
545 3579 596 3638 sed
616 3579 673 3637 iter
688 3567 804 3638 'emensi
823 3580 917 3658 prius,

104 3676 315 3736 Emetiendum
335 3677 449 3736 caeteris
473 3675 554 3754 quod
577 3674 724 3734 omnibus.

103 3773 145 3830 Et
167 3773 199 3829 in
220 3772 302 3849 quod
322 3772 353 3830 hi
373 3791 480 3831 venere
502 3771 706 3839 diversorium,

103 3868 140 3924 In
163 3865 238 3924 illud
257 3867 357 3944 ipsum
376 3865 566 3944 postmodum
584 3865 840 3942 aggregabimur‚·
1103 3876 1120 3927 5

102 3960 263 4037 Reliquum
284 3980 370 4020 omne
389 3972 509 4039 tempus
526 3959 734 4020 commonituri
755 3959 851 4020 simul.
919 3971 921 3976 ’

966 4055 1174 4120 «H.Srnr11.'

133 4288 139 4316 ¹
157 4288 237 4336 Aliter
252 4291 323 4337 vertit
339 4292 445 4352 Grotius,
462 4289 576 4354 tanquam
593 4291 731 4352 Fragmemi
748 4290 892 4354 Theophilei
907 4292 1059 4354 perticulam,
1076 4293 1139 4341 infru
1148 4307 1174 4354 p.
1184 4293 1238 4341 213.

103 4371 326 4459 inmensum]
