2948 5010
490 259 722 318 VERSIONES
742 265 917 317 uitulum.

120 446 158 504 in
179 445 325 517 lancibus,
348 457 379 506 et
399 449 446 507 bis
470 449 541 507 elixi
554 449 703 520 ‚nurmali

122 540 303 599 suavissimo
322 563 442 620 vapore,
465 553 495 602 et
515 543 601 602 bovis
623 544 754 603 viscera:
805 532 808 538 Δ

12 645 19 664 ’
121 645 157 694 at
181 647 269 695 costae
290 637 499 714 porcellorum,
522 639 613 698 rutilo
634 639 742 710 colors,

122 732 252 791 aderant
271 732 453 803 lautissima,
474 735 619 812 placentis
642 734 813 794 insidentes.

122 825 303 906 Aderatque
324 829 419 887 multo
438 829 514 889 lacte
536 829 631 888 diluta
651 829 725 890 alica
762 905 764 912 Α

122 921 159 980 in
182 923 292 1000 patinis
314 923 436 983 haustra
457 926 655 1002 aequantibus,
678 936 711 984 et
731 925 851 985 colostri
872 920 977 986 frusta.

125 1017 166 1077 B.
204 1019 310 1079 Eheu!
333 1031 368 1079 ut
389 1041 437 1081 me
459 1039 574 1090 enecas,
597 1021 723 1080 mulier!
753 1022 835 1100 quod
855 1021 905 1082 hic
926 1019 1025 1085 adhuc
1043 1024 1176 1096 moreris,

124 1133 199 1174 cum
218 1115 303 1174 vobis
324 1115 413 1175 liceat
433 1137 450 1175 e
468 1111 595 1195 vestigio
616 1115 647 1174 in
665 1126 812 1176 tartarum
833 1116 981 1198 immergi.
1232 1125 1270 1180 20

125 1212 166 1269 A.
207 1211 291 1286 Quid
312 1230 385 1289 ergo
406 1204 496 1282 dices,
520 1223 627 1272 caetera
648 1212 673 1272 si
694 1211 865 1272 audiveris?

125 1305 210 1365 Nam
230 1308 288 1366 assi
307 1308 390 1367 turdi
409 1301 519 1367 fervidi
543 1319 573 1368 et
590 1308 671 1367 laute
691 1304 826 1386 adparati

126 1400 207 1460 circa
227 1421 259 1460 os
281 1400 454 1472 volitabant,
475 1402 618 1480 deglutiri
640 1397 851 1482 supplicantes,

125 1498 206 1557 inter
226 1509 341 1577 myrtos
361 1510 391 1558 et
412 1520 571 1560 anemonas
592 1497 702 1559 diffusi.

126 1594 210 1653 Mala
228 1605 329 1654 autem
348 1595 521 1673 pendebant
539 1596 628 1674 longe
648 1595 830 1674 pulcerrima

127 1710 219 1770 super
238 1693 345 1772 capite,
366 1692 726 1770 riusquamadhaerentia.

18 1811 20 1816 ·
127 1784 242 1846 Puellae
262 1786 349 1864 pallis
366 1786 480 1846 indutae
502 1787 712 1855 subtilissimis,

128 1900 233 1940 recens
254 1883 462 1960 pubescentes,
484 1892 515 1941 et
535 1902 616 1941 rosas
638 1882 778 1950 detonsae,

128 1977 232 2056 plenos
254 1977 318 2036 vini
339 1977 445 2038 calices
466 1977 551 2037 rubri
569 1977 684 2036 odorati

128 2073 328 2135 infundebant
348 2094 402 2152 per
421 2072 649 2133 infundibulum
670 2073 774 2132 bibere
796 2073 973 2134 volentibus.
1233 2083 1271 2135 30

130 2169 311 2247 Horamque
331 2169 465 2228 omnium
485 2170 510 2228 si
534 2167 609 2247 quid
629 2168 806 2229 comedisset
822 2169 986 2233 bibissetve
1005 2169 1164 2248 quispiam,

128 2283 233 2323 rursus
254 2263 354 2323 statim
375 2264 469 2342 duplo
491 2262 641 2341 copiosius
663 2261 773 2322 aderat.

925 2361 1112 2422 Scnwrnou.

131 2507 219 2566 Pluto
241 2507 329 2565 simul
349 2507 491 2584 permista
512 2514 596 2564 eraut
616 2504 660 2563 ibi
682 2505 790 2578 omnia,

131 2602 280 2680 Bonisque
301 2621 423 2681 prorsus
441 2601 530 2679 plena
548 2599 672 2660 cunctis.
703 2620 774 2659 nam
794 2621 866 2660 cava

131 2698 221 2758 Plena
240 2707 272 2758 et
288 2697 393 2766 farina,
415 2706 446 2755 et
463 2696 542 2775 juris
562 2695 620 2755 atri
641 2695 765 2755 flumina

131 2793 259 2852 Fluxere
278 2812 333 2870 per
356 2793 421 2851 loca
439 2800 520 2851 arcta
542 2791 762 2850 murmurantia

131 2888 179 2948 Ob
195 2887 330 2966 perleves
351 2906 443 2966 panes
463 2886 600 2955 calentes,
624 2885 677 2963 qui
695 2886 780 2946 cibus

131 2984 282 3044 Facillime
306 2983 354 3068 vel
375 2993 480 3061 sponte
502 3002 572 3041 sane
594 2991 727 3041 curreret

133 3081 167 3138 ln
189 3101 240 3138 ora
261 3080 371 3139 mortui
395 3079 452 3138 viri
474 3089 593 3139 coactus
615 3078 706 3137 haud.

131 3177 287 3236 Lucanicae
311 3187 341 3236 et
359 3186 459 3236 tuceta
482 3175 638 3236 bullientia

131 3273 211 3331 Loco
231 3281 394 3331 ostrearum
415 3290 516 3349 sparsa
544 3275 629 3329 erant
649 3290 704 3349 per
719 3268 868 3340 ,flumina3

132 3368 289 3445 Piscesque
309 3364 424 3426 conditi
445 3366 587 3424 natabant
605 3364 741 3443 undique

132 3462 222 3522 Suavi
245 3462 340 3540 parati
360 3461 440 3539 jure,
464 3457 592 3537 simplici
616 3452 699 3518 haud
719 3460 818 3519 modo.

364 3556 380 3590 ἢ
460 3555 476 3589 ἢ
556 3555 572 3586 ’k
653 3554 670 3587 ᾗ

132 3651 225 3710 Turdi
246 3650 386 3709 volabant
406 3670 457 3708 ora
478 3643 600 3718 circum,
626 3645 679 3726 qui
704 3649 782 3708 bene

132 3746 250 3805 conditi
273 3756 371 3816 erant,
390 3731 526 3823 sortique
545 3743 629 3813 mire,
654 3743 804 3822 supplices

133 3841 188 3900 Edi
208 3842 354 3918 rogabant
374 3840 480 3918 pulcra
499 3859 554 3918 per
572 3853 730 3917 papavera,

131 3939 303 4016 Myrtosque
322 3938 398 3996 fusi:
419 3937 497 3995 mala
515 3936 687 4014 pendebant
709 3947 800 4015 supet·

132 4033 228 4111 Caput
246 4033 353 4093 decora
373 4033 510 4103 maxime,
534 4039 590 4092 nec
608 4033 713 4091 arbore

132 4117 289 4199 Producta,
312 4129 396 4188 nullo
415 4127 464 4188 vel
486 4138 602 4196 retenta
625 4128 807 4206 germine—-

887 4226 1013 4288 Narin.
1030 4227 1109 4288 (lou.

934 4323 938 4346 i

133 4324 365 4411 aratrorum]
