2990 5010
585 380 810 430 rumanou.
1208 371 1269 438 161

132 564 261 634 videtur,
278 566 374 639 ὑγίεια,
392 567 498 625 ultima
514 565 608 634 brevi,
627 565 716 624 etiam
735 565 817 642 apud
837 574 938 643 poetas
960 564 1049 623 scribi
1066 573 1202 640 coeptum
1218 572 1272 622 est.

133 661 297 721 Menander
317 662 399 741 apud
416 661 527 720 Athen.
546 661 630 719 XIV.
648 681 679 739 p.
693 657 760 730 659.
775 660 812 718 E.
840 658 1112 738 διδόνανσατηρὶαν,
1135 655 1140 737 Ι
1160 657 1270 731 ν’γίειαν,

130 753 227 829 α’γαθοῖ
253 756 359 828 πολλοὶ,
381 760 439 815 τοῖν
457 755 547 814 ὄντων
566 781 600 814 τε
625 756 669 812 νῦν
689 753 694 835 i
713 753 826 828 α’γαθῶν
846 754 940 824 ὄνησιν
957 756 1038 812 πᾶσι.
1080 754 1198 812 Gnome
1218 779 1270 826 μο-

131 849 211 909 νόστ.
237 854 319 931 apud
339 853 447 912 Morel.
465 873 495 930 p·
510 861 557 912 28.
590 850 677 924 ν’γίεια
704 851 748 909 κα1
775 853 834 909 νοῦν
860 849 951 910 ἐσθλοί
978 852 1021 933 τῷ
1050 849 1104 930 βίῳ
1131 847 1188 908 iio.
1218 851 1271 908 ubi

129 948 210 1022 ιῖγεία
230 949 346 1008 Hertel.
368 960 399 1010 et
419 943 525 1022 α’γίιθά,
546 967 602 1026 pro
625 945 725 1018 ἑσθλᾶ,
749 947 932 1017 Meinekius,
956 968 993 1007 ex
1017 947 1139 1025 Sylloga
1158 945 1271 1012 Aldina

130 1044 263 1115 fortasse,
274 1047 413 1124 quamvis
423 1043 514 1105 ἐσθλοὲ
526 1044 635 1104 diserte
649 1043 756 1104 habeat
771 1044 805 1102 R.
820 1043 925 1121 Steph.
940 1043 1064 1102 ΓΝΩΜ.
1082 1041 1269 1100 ΜΟΝΟΣΤ.

130 1160 161 1217 p.
175 1149 222 1200 21.
246 1141 301 1218 qui
327 1162 396 1199 cnm
420 1153 455 1200 ca
479 1139 658 1219 plerumque
685 1139 841 1208 consentit,
868 1140 1002 1216 itemque
1029 1137 1145 1198 Hertel.
1158 1157 1190 1216 p.
1205 1145 1270 1196 128.

130 1246 161 1294 et
180 1237 222 1295 H.
238 1237 342 1316 Steph.
358 1239 440 1296 Com.
454 1237 507 1295 Gr.
524 1237 604 1296 Sent.
624 1257 655 1314 p.
670 1243 736 1296 255.
761 1221 968 1312 Quanquam,
988 1245 1023 1294 ut
1042 1253 1147 1294 verum
1167 1234 1270 1305 fatear,

130 1333 268 1392 sublestae
281 1332 360 1406 fidei,
376 1345 412 1392 ut
431 1332 505 1391 mihi
524 1331 648 1410 quidem
666 1330 795 1401 videtur,
814 1341 860 1391 est
873 1331 1058 1390 Gnomarum
1078 1333 1269 1410 μονοστίχων,

129 1447 197 1505 quae
217 1430 273 1487 sub
291 1427 453 1488 Menandri
472 1427 592 1486 nomine
612 1426 873 1495 circumferuntur,
892 1445 961 1504 pars
984 1425 1073 1503 longe
1093 1425 1231 1498 maxima,
1249 1447 1271 1484 a

128 1522 273 1581 aeriorum
291 1533 462 1601 temporum
483 1521 693 1600 grammaticis,
714 1521 764 1580 vel
782 1521 885 1600 potius
906 1519 1127 1598 grammatistis,
1153 1520 1186 1578 in
1208 1520 1269 1578 dis·

129 1617 301 1695 cipulorum
318 1638 439 1676 suorum
460 1637 549 1676 usum
572 1617 636 1676 sive
658 1615 791 1688 conflata,
812 1617 875 1675 sive
898 1615 1029 1684 collecta,
1053 1636 1109 1687 nec
1134 1616 1193 1681 nisi
1213 1635 1269 1694 pro

129 1716 343 1775 sententiarum
367 1715 496 1794 quadam
518 1713 668 1793 farragine
688 1713 834 1782 habenda,
857 1714 963 1792 quales
984 1713 1048 1772 fere
1072 1714 1175 1794 pueris
1197 1734 1268 1774 con-

129 1809 361 1870 scribillantibus
373 1811 535 1888 propinant
546 1808 746 1887 ludimagistri
759 1808 905 1869 hodierni.
942 1808 1034 1881 Quod
1048 1809 1073 1867 si
1087 1809 1154 1887 quis
1167 1808 1269 1882 ὑγίειαν

129 1903 218 1962 etiam
231 1905 263 1963 in
276 1904 381 1963 Nostri
395 1904 469 1974 loco,
492 1924 561 1964 curn
578 1903 741 1972 Meinelrio,
757 1903 850 1973 malit,
868 1923 929 1962 non
943 1904 1072 1963 multum
1086 1904 1266 1981 refragabor.

130 1998 287 2058 Philemon
313 1999 395 2078 apud
423 2000 547 2058 Lucian.
574 1998 612 2058 de
637 1999 723 2077 lapsu
749 1997 827 2057 inter
854 1999 905 2058 sal.
924 1999 960 2057 T.
981 1999 1006 2057 I.
1024 2019 1054 2076 p.
1074 1998 1141 2059 336.
1169 1999 1266 2060 Amst.

128 2097 199 2178 αἶτῷ
221 2093 243 2150 δ’
265 2093 368 2167 ν’γίειαν
389 2094 513 2174 προῖτον,
535 2091 586 2152 εἶτ’
607 2091 768 2174 ειίπραξίαν.
809 2094 857 2152 Ita
877 2093 1051 2153 Meinekius
1072 2113 1128 2172 pro
1145 2095 1268 2172 vulgato

128 2188 230 2262 ὑγείαν,
251 2189 333 2266 quod
360 2198 516 2249 servarunt
537 2188 661 2247 Grotius
682 2198 713 2248 et
734 2188 876 2249 Clericus.
917 2189 1027 2247 Forma
1052 2197 1151 2247 autem
1177 2189 1267 2248 Corn-

128 2284 213 2342 muni
236 2303 308 2342 usns
331 2293 376 2342 est
396 2283 513 2342 Auctor
538 2283 653 2361 Hymn.
686 2282 810 2362 Orphic.
829 2281 1006 2343 LXXXIV.
1023 2282 1076 2342 ult.
1096 2281 1188 2357 ὄλβον
1207 2283 1267 2342 ἐπι-

129 2383 261 2438 πνείουσα
275 2377 614 2460 κα1ἤπιόχειρονῦγείαν.
641 2378 731 2438 Adde
746 2379 861 2458 Hymn.
876 2379 994 2437 XXIX.
1010 2387 1055 2440 18.
1077 2400 1114 2438 ex
1128 2381 1267 2440 emenda·

128 2475 209 2533 tione
233 2475 382 2535 PiersonI:
413 2473 503 2556 εἰρήνη
530 2472 676 2532 θάλλουσα
704 2474 748 2532 καὶ
773 2473 928 2554 ἡπνοχείρῳ
953 2473 1042 2551 ν’γείᾳ.
1086 2473 1267 2552 Quanquam

129 2569 307 2629 crediderim
332 2569 390 2629 hoc
415 2569 448 2627 in
473 2568 540 2629 loco
570 2567 709 2650 rinadxup'
735 2567 821 2647 ὑγιείᾳ
848 2569 1000 2648 scripsisse
1027 2570 1265 2643 Onomacritum,

128 2674 219 2742 prout
239 2665 332 2742 vulgo
350 2665 471 2743 legitur,
496 2661 643 2745 (η’πιόχειρ
666 2663 752 2737 dassia
771 2664 1025 2742 ed.Ven.1543.)
1044 2667 1076 2724 in
1095 2665 1148 2724 illo
1166 2675 1267 2726 autem

129 2761 268 2842 ἤπιόχειρ’
292 2761 403 2834 ὑγιείαν.
443 2761 524 2822 Vide
551 2762 680 2820 Glossar.
698 2761 731 2820 in
752 2761 988 2821 Hermesianact.
1001 2782 1029 2819 v.
1051 2769 1078 2820 8.
1118 2761 1175 2821 Usi
1197 2772 1268 2821 sunt

128 2854 217 2914 etiam
236 2855 422 2924 Plutarchus,
446 2855 617 2927 Pausanias,
638 2865 669 2916 et
689 2856 800 2936 passim
820 2856 981 2926 Lucienus,
1004 2865 1125 2916 notante
1144 2854 1186 2914 H.
1201 2856 1267 2916 Ste-

127 2949 235 3029 phano.
276 2949 352 3008 Inde
372 2961 402 3009 et
414 2950 532 3010 Latinis
545 2949 658 3030 Hygt'o,
680 2949 798 3030 Hygea,
819 2961 850 3010 et
869 2949 998 3030 Hygeia,
1017 2950 1159 3010 audiebat
1171 2971 1232 3010 una
1251 2972 1268 3010 e

127 3045 245 3104 filiabus
258 3044 434 3123 AEsculapii,
454 3066 523 3124 quae
543 3046 677 3105 sanitatis
696 3067 760 3106 esse
779 3065 889 3125 praescs
902 3046 959 3106 dea
971 3046 1084 3106 credita
1096 3055 1149 3105 est.
1190 3047 1268 3104 Plin.

128 3139 261 3204 XXXV.
276 3148 321 3200 ll.
359 3139 499 3222 Tulcsque
511 3149 578 3199 suut
590 3142 653 3220 ej'ua
662 3139 795 3220 picture,
809 3161 872 3199 cum
882 3141 1050 3220 AEsculapr'o
1052 3141 1142 3218 filr'oe,
1152 3140 1189 3198 H
1183 3141 1266 3220 ygia,

128 3235 224 3316 AEgle‚
247 3235 395 3306 Pauacea,
417 3235 501 3296 Jaao.
524 3236 629 3297 ¹Adde
643 3237 790 3296 XXXIV.
806 3244 834 3298 8.
874 3237 1002 3297 Martial.
1021 3238 1128 3316 Epigr.
1142 3237 1200 3296 XI.
1218 3237 1265 3298 61.

129 3330 213 3397 Quod
237 3351 346 3390 sonare
375 3331 484 3402 Criton,
513 3353 569 3391 non
595 3333 670 3412 quod
692 3331 800 3413 Hygca
823 3341 924 3414 potest.
963 3332 1062 3393 Vetus
1087 3333 1163 3413 lapis
1184 3333 1275 3420 apud!

128 3427 250 3487 Gruter.
263 3447 293 3504 p.
308 3436 355 3488 31.
372 3447 402 3486 n.
423 3437 468 3488 11.
509 3428 601 3487 Soms
622 3430 810 3488 AEscuasrro
830 3447 873 3487 ar
896 3428 1039 3488 Hrorrn
1063 3433 1117 3490 &c
1161 3432 1265 3508 Atque

126 3522 218 3602 hujus
240 3524 344 3586 formae
364 3523 492 3601 vestigia
517 3523 606 3603 plane
629 3534 746 3584 exstant
766 3525 798 3585 in
826 3526 1021 3586 Neo-Grecis
1043 3525 1114 3601 γειοὲ,
1142 3526 1264 3598 sennua,

127 3616 266 3689 ualetudo,
286 3615 412 3691 γειιίσου,
432 3617 504 3690 vale,
526 3640 606 3700 euge,
626 3619 713 3692 salue,
735 3631 766 3680 et
782 3619 919 3694 γειοσιίνη,
935 3621 1074 3692 valetudo,
1097 3623 1264 3682 salubritas.

127 3711 165 3771 In
193 3713 292 3772 Photii
318 3714 432 3786 loco,a
460 3712 552 3774 Suida
578 3714 734 3794 exscripto,
757 3714 852 3788 Ὑγεία
875 3715 982 3786 Ἀθηνᾶ
988 3737 996 3773 :
1022 3714 1162 3790 ἐπώνυμόν
1185 3716 1265 3777 ἐστιν

127 3806 254 3879 Ἀθηνᾶς·
276 3809 321 3866 καί
340 3809 395 3890 γάρ
417 3810 512 3883 Ὑγεία
534 3817 670 3881 καλεῖται,
692 3811 736 3868 nai
756 3811 839 3882 Νίκη,
861 3810 906 3869 eal
928 3809 1047 3882 Ἱππεία,
1068 3811 1264 3894 κα1Ἐργοίνη,

126 3903 227 3963 nescio
259 3925 358 3966 annon
384 3903 490 3980 Ὑγιεία
514 3905 720 3984 reponendum
746 3907 793 3965 sit.
832 3907 919 3966 Certe
945 3927 963 3966 a
989 3906 1105 3967 Pericle
1129 3917 1263 3968 erectum

126 4007 173 4058 eet
200 3997 330 4059 Athenis
362 4002 414 4071 riis
445 4000 564 4073 Ὑγιείας
592 4000 711 4070 Ἀθηνᾶς
734 3999 862 4079 ἄγαλμα,
888 4011 919 4061 et
943 4002 1040 4061 forma
1065 4001 1152 4075 ὑγεία,
1180 4004 1263 4081 quod

126 4093 267 4164 vidimus,
298 4093 411 4155 Atticis
442 4095 544 4174 ignota
573 4095 641 4155 fuit.
691 4095 761 4154 Nisi
789 4095 867 4156 forte
896 4095 1046 4156 Plutarch.
1070 4096 1131 4156 Vit.
1157 4097 1261 4157 Peri'cl.

125 4189 237 4267 pllio.
255 4188 289 4248 Ο.
310 4191 357 4249 vel
377 4191 502 4250 Pausan.
522 4191 588 4251 Att.
610 4189 759 4250 XXXIV.
778 4199 806 4250 2.
834 4189 999 4267 respexerit
1025 4190 1261 4271 lexicographus.

127 4283 165 4341 In
185 4283 237 4342 illo
261 4286 399 4345 Athenaei
419 4287 478 4345 III.
492 4307 522 4365 p.
537 4295 601 4348 115.
615 4286 653 4345 A.
673 4285 750 4359 ιῖγεία
773 4285 802 4345 δὲ
822 4292 948 4344 καλεῖται
971 4286 990 4356 η
1013 4285 1134 4360 διδομένη
1153 4288 1181 4349 ἒν
1200 4298 1262 4348 ταῖς

127 4379 230 4436 θυσίαις
253 4381 339 4460 μᾶζα,
365 4382 574 4459 eorrIgendum
598 4381 797 4461 proculdubio
820 4391 865 4441 est
887 4379 982 4454 ν’γιεῖο,
1005 4385 1061 4443 etsi
1084 4384 1127 4442 nil
1140 4385 1262 4445 varient
1385 4411 1387 4414 ·

228 4467 268 4528 11
