2948 5010
256 327 321 388 210
608 337 839 388 VERSIONES
862 338 1038 390 LATINAE.

256 521 412 600 Simulque
435 523 529 582 multe
547 522 718 601 proferebat
737 522 871 592 vulnera,

255 615 317 675 Sed
339 617 479 676 afferebat
499 616 560 675 nil:
582 617 640 676 sibi
659 616 737 676 dona
756 613 901 696 pollicens

254 713 284 770 A
307 732 377 791 rege
401 713 448 790 (ut
470 712 624 790 inquiebat
643 712 707 789 ille)
725 711 864 791 plurima.

254 809 332 882 Quoe
353 810 431 869 dona
451 819 582 888 propter,
607 809 657 868 ille
674 809 919 868 consuetudinem

256 905 345 964 Dono
366 924 551 983 perannum
573 904 687 982 accepit
709 905 861 981 integrum
884 923 990 963 meam.

254 1001 338 1059 Eum
357 1000 474 1078 reliqui,
496 1009 587 1076 atque
606 998 723 1057 medico
741 1019 789 1058 me
809 998 935 1058 tradidi:

255 1095 348 1154 Totos
369 1098 486 1155 secabat
504 1095 554 1154 ille
575 1104 605 1153 et
623 1096 729 1153 urebat
748 1093 812 1153 dies

255 1190 431 1268 Plerosque:
452 1207 566 1268 pauper
585 1198 675 1268 atque
696 1189 826 1248 carnifex
847 1199 918 1249 erat

254 1285 409 1344 Exhorrui
428 1306 500 1364 ergo
521 1286 615 1363 magis
638 1305 708 1344 eum
730 1305 820 1362 quam
839 1285 981 1344 militem:

257 1381 405 1439 Narrabat
424 1381 483 1450 hic,
507 1381 608 1440 atille
630 1378 767 1458 patrabat
788 1399 884 1439 neces.

256 1475 326 1535 Sors
346 1476 496 1553 copulavit
514 1476 691 1556 philosopho
713 1495 761 1535 me
784 1475 882 1546 tertio,

254 1571 310 1630 Cui
333 1571 434 1642 barba,
454 1571 588 1650 pallium,
612 1571 760 1649 simulque
784 1572 876 1630 verba
896 1580 987 1630 erant.

256 1668 293 1724 In
314 1666 508 1726 calamitatem
528 1667 686 1725 maximam
707 1677 780 1726 tunc
799 1665 902 1725 incidi.

256 1762 356 1821 Dabat
376 1762 426 1821 ille
449 1760 509 1819 nil:
530 1761 687 1840 pecuniam
710 1772 742 1820 at
764 1760 788 1819 si
808 1780 971 1840 poscerem,

255 1857 365 1917 Aiebat
384 1877 447 1917 esse
469 1877 533 1916 rem
554 1858 669 1916 malam.
694 1857 813 1916 sitite:
834 1856 903 1916 ideo

256 1953 345 2014 Hanc
364 1952 468 2031 abjice,
488 1951 561 2010 mihi
581 1953 725 2032 relinque.
746 1952 915 2030 denegabat
933 1952 974 2012 id.

1133 2049 1177 2107 H.
1196 2049 1335 2112 Sumen.

720 2673 935 2739 SOTADES.

693 2871 719 2935 1.
748 2874 777 2935 1.
822 2871 877 2958 (P.
895 2874 963 2954 aa.)

256 3070 371 3138 Justus,
391 3069 487 3127 bonus
510 3076 599 3145 atque
621 3066 743 3144 ingenio
763 3068 872 3136 velens,
893 3068 1006 3137 beatus,

258 3164 376 3224 Partem
398 3162 519 3221 invidia
543 3172 573 3220 et
596 3161 727 3220 criminis
748 3170 783 3220 ut
803 3162 881 3221 ferat
900 3182 1020 3223 necesse
1043 3174 1095 3223 est.

257 3259 314 3319 Est
337 3257 404 3337 quis
424 3257 579 3335 locuples?
600 3255 667 3315 labe
687 3255 787 3334 aliqua
806 3266 926 3316 tenetur
948 3257 1036 3316 idem.

256 3355 372 3415 Verum
392 3353 461 3431 pius
483 3355 546 3411 est?
569 3351 726 3430 pauperies
744 3349 877 3410 adhoeret
896 3351 948 3410 illi.
997 3402 1000 3408 .

158 3505 162 3518 ,
257 3452 369 3528 Magno
389 3448 466 3507 malr
485 3468 547 3507 sors
566 3446 672 3507 artifici
695 3445 769 3506 solet
790 3467 904 3507 nocere.

257 3545 338 3607 Justi
361 3544 491 3604 retinens
511 3544 551 3602 sit
568 3543 638 3602 licet
656 3543 833 3622 integerque
849 3543 952 3622 judex,

257 3643 373 3702 Natura
394 3651 494 3701 tamen
515 3638 648 3719 postulat
666 3649 702 3697 ut
721 3640 817 3699 malus
840 3651 971 3701 vocetur.

258 3737 382 3797 Florens
405 3735 521 3814 opibus,
545 3732 729 3813 precipitem
749 3735 835 3794 timet
856 3735 982 3794 ruinam.

257 3832 341 3892 Huic
362 3831 414 3910 qui
438 3850 527 3908 veges
548 3839 594 3889 est
614 3848 745 3908 corpore,
767 3831 890 3889 morbus
909 3841 955 3902 est
977 3832 1136 3892 cavendus.

258 3927 369 3988 Secura
391 3925 455 3985 dies
478 3924 567 3985 unice
585 3923 757 4003 deputanda
775 3924 860 3985 lucro
880 3935 933 3986 est

257 4021 339 4082 Nam
360 4019 443 4100 quid,
466 4039 550 4098 rogo,
572 4039 632 4098 qua
651 4019 774 4079 materia
797 4040 900 4081 sumus
923 4022 1034 4082 creati?

257 4118 305 4198 De
325 4128 356 4176 te
378 4115 468 4175 facito
488 4114 638 4194 judicium
660 4124 771 4194 tuaque
792 4116 867 4177 vita:

257 4211 340 4285 Quid
363 4211 402 4269 sis
421 4211 549 4290 genitus,
570 4219 706 4288 prosatus
725 4211 815 4282 unde,
836 4212 909 4290 quid
929 4213 1056 4275 futurus
1111 4244 1119 4282 ι

1211 4315 1314 4378 Geor.

999 4411 1390 4503 [mmmm—mann.
