2948 5010
269 323 337 386 228
627 331 1055 382 vuns1ouusun'r1nn.

271 511 468 590 Negotiorum
490 515 681 577 taediosorum
702 536 796 594 seges,

269 607 310 665 Et
331 607 412 666 unda
431 629 542 681 rerum,
561 621 592 670 et
613 612 711 672 victus
733 610 895 688 aggeratio.

270 703 328 762 Res
347 724 437 780 agere
458 725 574 785 semper
594 706 707 776 solitus,
727 706 857 764 animam
876 725 946 762 mox
966 703 1038 782 agit,
1108 736 1111 742 =

268 798 352 877 Opes
370 800 513 860 fruendas
531 802 672 880 linquens
691 801 804 862 haeredi
825 821 890 859 suo.

269 894 370 966 Quare
390 915 438 956 me
457 898 558 976 potius
577 918 740 977 pauperem
760 896 821 956 diei
837 896 936 975 juvat,

270 990 311 1048 Et
331 1011 427 1070 pauca
447 992 558 1053 habere
579 1004 610 1053 et
629 1013 690 1052 non
711 993 873 1053 sollicitum
896 992 1006 1061 vivere,

270 1087 335 1146 Nec
356 1087 469 1147 divitiis
488 1100 629 1149 onustum
643 1109 706 1149 nec
726 1089 863 1167 negotiis.

269 1182 351 1242 Nam
372 1184 468 1242 multa
487 1185 563 1244 mala
582 1184 857 1264 compendifaciunt
877 1203 1035 1263 pauperes.

270 1373 418 1432 Obnoxiae
438 1385 509 1434 sunt
527 1375 757 1455 plurimis-opes
776 1374 872 1444 malis,

270 1467 410 1547 Odioque
430 1472 558 1531 maxime
578 1481 609 1530 et
627 1470 749 1530 invidiae
770 1480 800 1530 et
819 1468 998 1548 opprobriis,

267 1564 371 1642 Atque
390 1564 581 1645 implicantur
601 1565 738 1645 plurimis
758 1564 896 1642 negotiis,

198 1678 208 1698 ·
267 1659 345 1730 Quae
365 1660 443 1721 ferre
464 1682 549 1721 curas
569 1682 603 1721 ae
623 1661 772 1722 molestias
793 1659 903 1719 solent:

269 1755 343 1815 Post
363 1777 437 1835 quas
456 1768 579 1836 repente
598 1758 682 1817 dives
702 1757 753 1817 ille
772 1765 909 1814 mortuus

268 1852 347 1911 Aliis
366 1854 444 1911 bona
464 1873 518 1912 sua
536 1852 648 1931 linquit
666 1852 705 1911 ad
724 1852 830 1910 luxum
850 1850 957 1908 omnia.

269 1945 350 2004 Mihi
370 1946 465 2025 igitur
484 1958 530 2008 est
548 1946 650 2026 inopia
669 1947 765 2006 multo
784 1945 906 2023 gratior,

269 2041 449 2119 Exiguaque
468 2042 556 2112 inter,
579 2043 693 2120 absque
716 2039 796 2100 curis
816 2039 917 2099 vivere

269 2137 360 2208 Malo,
383 2137 492 2217 opibus
513 2157 548 2198 ac
570 2137 714 2198 molestiis
734 2134 862 2197 carens¹.

268 2234 326 2292 Est
344 2252 464 2312 nanque
485 2233 622 2311 quisquis
641 2253 765 2312 pauper,
785 2231 843 2291 hoc
862 2230 952 2289 habet
970 2229 1056 2298 lucri,

268 2330 445 2406 Ingentium
465 2348 552 2389 exors
572 2328 654 2407 quod
673 2327 819 2387 malorum
840 2325 964 2388 victitat.

1153 2417 1198 2479 ll.
1213 2420 1336 2482 Suara.

265 2520 348 2597 Opes
367 2518 452 2578 malis
472 2528 542 2577 sunt
561 2518 698 2597 plurimis
712 2516 862 2587 obnoxiae,

267 2614 357 2684 Odio,
377 2613 561 2682 invidentiae,
581 2623 672 2690 atque
692 2610 890 2680 contumeliis,

267 2710 476 2788 Molestiisque
496 2708 589 2780 mille,
612 2719 678 2768 tum
697 2719 798 2767 autem
818 2707 941 2776 litibus;

267 2805 361 2865 Victu
380 2804 412 2863 in
431 2804 565 2882 parando
584 2803 714 2863 multum
733 2802 845 2862 habent
866 2800 988 2879 negotii.

267 2899 390 2960 Postilla
408 2899 492 2958 dives
512 2899 673 2978 derepente
695 2907 831 2957 mortuus

267 2998 351 3077 Opes
371 2995 514 3074 relinquit
534 2994 719 3074 dissipandas
739 2994 832 3053 alteri.

267 3096 334 3174 Ego
355 3091 482 3173 proinde
501 3110 616 3170 pauper
635 3109 699 3149 esse
718 3089 867 3157 mavelim,

268 3192 339 3250 Non
361 3187 456 3247 multa
472 3185 592 3255 habere,
615 3194 645 3244 et
665 3185 779 3262 absque
802 3182 882 3243 curis
903 3181 1013 3250 vivere,

266 3286 386 3366 Opibus
409 3301 519 3350 carere,
541 3291 571 3340 et
591 3279 714 3338 insimul
734 3277 886 3338 molestiis.

267 3381 396 3441 Faciunt
417 3377 564 3436 malorum
583 3394 730 3453 pauperes
754 3371 975 3451 compendium.
1365 3381 1390 3432 10

1163 3465 1331 3530 Rurorma

704 3708 770 3772 lx.
815 3706 871 3795 (Ρ.
887 3709 975 3788 170.)

267 3923 337 3981 Hoc
356 3920 432 3980 aliua
451 3917 510 3977 alio
528 3924 659 3995 prestat,
680 3913 763 3992 quod
782 3913 965 3975 constantius

268 4018 381 4076 Bonam
400 4012 568 4088 malamque
589 4009 703 4069 didicit*
714 4009 865 4070 fortunam
885 4008 956 4088 pati.

1224 4109 1330 4171 Oros.

338 4319 345 4348 ¹
362 4319 490 4368 Claudius
500 4332 589 4367 venua.
622 4315 704 4364 Possis
714 4328 848 4363 ruerunera
863 4314 983 4376 legendo:
1003 4319 1116 4367 molestiis
1130 4320 1206 4368 simul
1218 4335 1317 4370 eam,

1217 4402 1387 4496 [aarum
