2948 5010
475 352 715 403 -VERSIONES
739 351 912 401 LATINAE.

562 543 627 608 1x.
673 542 728 627 (Ρ.
749 542 837 624 141.)

621 701 790 762 Citharista.

130 825 203 902 Ego
222 826 411 884 autumabam
432 824 589 894 divitem
610 823 733 895 Phania,

129 920 170 977 In
190 939 249 978 aere
268 919 374 979 vivunt
397 920 449 999 qui
474 940 537 992 suo,
561 939 616 979 nec
636 922 774 980 noctibus

129 1014 266 1093 Suspiria
286 1035 383 1094 agere,
404 1035 459 1075 nec
482 1036 531 1075 sus
552 1015 650 1093 deque
675 1016 795 1086 vertier,

131 1110 202 1170 Nec
223 1110 322 1170 dicere
343 1111 435 1170 eheu:
465 1110 518 1170 sed
540 1110 702 1189 tranquilla
724 1111 853 1170 molliter

134 1205 210 1264 Frui
234 1206 342 1284 quiete.
367 1205 421 1265 'illa
441 1227 505 1266 esse
521 1225 688 1284 pauperum
711 1205 795 1264 mala

134 1303 179 1359 At
199 1321 279 1361 nunc
300 1322 352 1361 vos
377 1302 475 1372 video,
500 1322 575 1379 quos
595 1303 698 1360 beatos
720 1301 893 1380 praedicant,

135 1396 237 1455 Vitam
257 1417 327 1456 cum
346 1406 447 1457 nostra
466 1397 567 1456 vivere
587 1397 837 1475 aequiparabilem.

137 1585 352 1644 Existimabam
372 1586 489 1656 divites,
511 1608 529 1645 o
548 1585 669 1655 Phania,

137 1679 233 1753 Queis
251 1681 390 1740 foenerari
410 1701 470 1740 non
489 1701 616 1750 necesse,
637 1701 757 1760 carpere

138 1776 282 1835 Somnum
305 1777 449 1855 quietum,
473 1777 564 1847 haud,
587 1777 770 1836 clamitantes
791 1778 851 1837 Hei
871 1778 953 1852 mihi,

140 1874 266 1932 Versare
285 1894 318 1932 se
340 1894 457 1933 sursum
475 1885 506 1933 et
525 1874 662 1933 deorsum
686 1875 835 1944 noctibus,

140 1967 321 2046 contingere
342 1968 395 2027 sed
414 1968 479 2028 haec
497 1969 623 2048 pauperi
643 1969 857 2027 tantummodo.

140 2064 231 2123 Nunc
251 2064 340 2124 video
360 2085 413 2123 vos
433 2085 562 2143 quoque,
584 2065 636 2143 qui
654 2065 735 2124 beati
755 2065 883 2136 nomine,

140 2160 254 2219 Eadem
274 2161 367 2221 solere
386 2161 484 2221 facere
504 2181 572 2239 quae
592 2161 670 2220 soliti
690 2181 801 2220 sumus.

567 2417 614 2482 x.
660 2419 714 2505 (P.
731 2419 826 2528 ¹142.)

144 2562 176 2621 Si
196 2563 301 2632 solum,
323 2562 495 2641 Trophime‚
515 2575 546 2622 te
566 2564 700 2621 omniurn
719 2565 888 2624 mortalium

145 2660 181 2718 In
200 2659 257 2719 hoc
276 2659 436 2738 progenuit
454 2670 557 2729 mater,
578 2672 613 2718 ut
632 2661 686 2718 tibi
707 2661 854 2739 perpetim

144 2756 244 2832 Agere
263 2754 305 2812 ita
323 2754 426 2813 liceret
444 2755 543 2812 animo
563 2765 597 2813 ut
617 2755 782 2814 collibitum
801 2758 889 2826 foret,

146 2850 242 2929 quue
261 2850 303 2908 ita
322 2850 458 2909 futurum
479 2851 503 2908 si
522 2850 630 2928 aliquis
651 2851 787 2928 promisit
808 2853 902 2924 Deus,

146 2945 238 3004 Recte
258 2943 430 3023 indignaris.
450 2965 520 3004 nam
538 2965 602 3004 rem
621 2945 694 3006 fecit
713 2946 880 3025 improbam

148 3042 209 3114 Qui
228 3051 259 3100 te
279 3041 393 3101 fefellit
413 3041 458 3099 sin
478 3040 583 3100 iisdem
602 3042 720 3121 legibus

147 3138 265 3210 Quibus
283 3157 338 3196 nos
357 3157 459 3196 omnes
477 3138 559 3198 hunc
579 3158 765 3198 communem
786 3139 925 3219 spiritum

147 3232 292 3303 Hausisti,
313 3242 347 3291 ut
366 3232 480 3309 aliquid
499 3233 588 3292 etiam
607 3220 864 3312 paratraglediem,

148 3329 285 3389 Ferenda
304 3337 374 3387 sunt
392 3329 524 3388 modeste
544 3330 617 3400 haec,
639 3340 674 3388 ut
692 3330 768 3388 ratio
783 3331 879 3410 jubet.

149 3426 256 3485 Omnis
275 3444 444 3485 sermonum
464 3445 579 3484 summa
597 3426 677 3485 redit
694 3425 782 3495 istuc,
802 3427 892 3486 homo
911 3449 951 3500 es,

150 3521 220 3594 Quo
236 3521 353 3579 nullum
374 3530 419 3579 est
438 3520 548 3579 animal
568 3521 650 3598 quod
668 3530 801 3579 mutetur
821 3523 954 3597 celerius,

150 3615 215 3674 Aut
235 3635 351 3674 sursum
373 3615 486 3675 enitens
506 3625 558 3674 aut
578 3614 716 3673 deorsum
736 3615 897 3686 decidens:

150 3711 259 3788 Neque
278 3711 330 3789 pol
348 3710 510 3769 immerito:
538 3729 607 3786 nam
626 3719 732 3768 natura
751 3711 861 3770 virium

152 3807 228 3864 Cum
247 3805 286 3864 sit
305 3824 468 3874 vesseram,
488 3825 535 3864 res
554 3804 676 3864 molitur
695 3805 857 3879 maximas¹,

196 3963 202 3990 ¹
219 3960 298 4010 Vertit
315 3960 447 4010 Erasmus:

385 4039 468 4099 Caput
483 4042 555 4099 atque
569 4051 662 4084 summo
677 4037 794 4084 orationis
809 4037 874 4086 irco:
890 4041 971 4090 Homo
985 4058 1018 4105 es,

387 4115 440 4170 Quo
454 4127 504 4160 non
519 4112 589 4160 aliud
602 4118 639 4160 est
653 4113 749 4159 animal
761 4128 874 4175 usquam,
889 4118 953 4177 quari
966 4121 1033 4167 modo

382 4191 481 4250 Sorani,
497 4190 564 4238 modo
578 4190 658 4250 cadat,
675 4190 746 4236 ultim
761 4196 833 4252 atqua
847 4193 962 4243 crebrius.

383 4267 420 4312 Ao
430 4266 489 4325 jura
503 4281 578 4313 sona:
601 4266 690 4328 quippe
705 4266 876 4314 debilissimum

388 4342 450 4390 Cum
464 4343 504 4401 rit,
520 4342 619 4403 negocia
633 4342 790 4390 administrat
803 4345 917 4392 mamma.

149 4420 348 4508 nrnruonn]
