3060 5030
619 315 928 363 ruunncnnrus
1298 303 1341 364 23

192 493 294 571 uulgo
305 491 433 567 πόνηρ’,
447 493 555 553 Mssti
570 519 637 552 πυοι
651 493 744 566 τόμοι,
759 520 907 568 ποοτομοι,
922 494 1002 554 unde
1014 494 1221 553 Villebruniua
1236 511 1341 554 verum

196 589 310 648 elicuit-
351 588 523 666 Hesychius
546 589 590 648 II.
610 610 634 649 c·
660 597 744 650 1082.
769 588 847 660 πῦον,
869 587 944 662 γάλα
965 588 1003 647 τά
1023 591 1147 668 πριῖτον,
1168 587 1187 646 ἃ
1205 588 1341 663 πήγνυται

195 683 366 757 ἑψόμενον.”
408 684 556 744 Ruuxau.

246 821 249 826 .
278 787 514 867 ¹⁹'1'ragieorum
535 787 667 847 Nuntios
687 788 822 848 imitatur
843 790 989 849 Comicus.

193 910 195 914 '
273 899 294 930 ¹⁰
315 899 430 958 Locum
448 900 493 960 sic
509 893 638 960 correxit
655 899 806 960 Porsonus
824 900 863 960 ad
877 900 981 980 Eurip.
999 899 1080 959 Med.
1097 907 1143 959 44.
1158 920 1195 959 ex
1211 899 1342 960 Pollucis

196 994 327 1054 editione
340 995 470 1054 Aldina:
495 995 578 1074 quod
597 995 789 1054 Dindorfium
805 996 894 1074 fugit.
936 997 972 1055 ln
985 995 1125 1054 Athenaei
1140 993 1251 1055 Aldina
1263 994 1342 1074 legi·

196 1099 264 1147 tur:
293 1088 383 1148 duaci
407 1093 504 1171 κίχλαι
531 1089 586 1172 γάρ
613 1089 775 1170 α’νάβραστ’
795 1088 953 1171 ἠρτυμέναι,
980 1090 1062 1150 haud
1087 1090 1174 1160 male,
1202 1091 1226 1150 sl
1250 1089 1341 1149 modo

196 1184 378 1268 κάνάβραστ’
398 1187 517 1246 teribus.

275 1289 295 1320 ¹¹
318 1290 484 1351 Telecllde!
497 1290 517 1349 l.
531 1289 551 1351 l.
573 1289 663 1349 ὄτταῖ
683 1289 712 1350 δὲ
732 1295 830 1372 κίχλαι
848 1289 910 1365 μετ’
928 1289 1093 1362 άμητίσκων
1111 1297 1146 1348 εἷς·
1167 1287 1221 1347 τάν
1240 1291 1341 1373 φάρυγ’

196 1381 534 1467 ἀσπάσονται-οἴνῳ
558 1384 614 1467 γάρ
634 1384 723 1444 ἅσσά
744 1382 817 1467 ἔρρει
839 1383 982 1468 χαράδρα,
1004 1385 1091 1465 μᾶζαι
1113 1382 1134 1442 δ’
1154 1381 1253 1465 άρτοις
1273 1383 1341 1458 ἕμά·

198 1504 292 1560 χον-το
306 1479 312 1560 Ι
326 1480 388 1562 περὶ
408 1490 466 1540 vois
487 1480 627 1556 στόμασιν
647 1485 704 1540 τᾶν
722 1480 881 1564 άνθριάπιιν,
902 1480 1073 1541 ἱκετεύουσαι
1095 1483 1265 1539 καταπίνειν.
1286 1483 1340 1542 ubl

198 1575 276 1634 male
295 1574 430 1658 χάροδρα
448 1577 508 1636 huc
528 1597 623 1655 utque
642 1577 767 1636 editum.
809 1575 968 1655 Nicophon
981 1575 1000 1633 l.
1014 1575 1033 1634 l.
1045 1596 1075 1654 p.
1087 1573 1154 1646 269.
1169 1575 1203 1633 Ε.
1218 1575 1341 1634 πλακοῦς

190 1669 298 1728 'daveda
316 1669 416 1729 ἐσθίειν
434 1669 577 1732 κελευέτω.
627 1672 725 1730 Erunt
747 1672 857 1741 forsan,
885 1671 937 1749 qui
962 1669 1159 1741 Pherecratis,
1184 1670 1232 1730 vel
1252 1670 1340 1730 Tele·

196 1765 292 1837 clidae,
322 1766 422 1826 locum
440 1767 606 1846 respexisse
626 1777 784 1826 autument
803 1765 1029 1835 Chattistarum,
1057 1785 1133 1843 quos
1149 1776 1265 1835 vocant,
1286 1764 1340 1824 ho-

196 1859 369 1920 diernorum
389 1881 444 1940 par
463 1861 573 1933 nobile,
594 1861 632 1920 de
652 1862 763 1940 quibus
777 1861 863 1921 sicin
878 1859 1079 1939 Ephemeride
1094 1861 1223 1938 quadam
1242 1880 1340 1940 nuper

198 1953 344 2033 scriptum
363 1966 424 2015 est:
450 1955 520 2016 Two
538 1957 632 2016 others
651 1957 807 2016 addressed
825 1956 872 2014 the
890 1956 1019 2035 νησαίας,
1038 1955 1138 2034 giving
1156 1975 1339 2026 ursarancea,

196 2051 227 2108 ἰιι
248 2049 339 2131 effect,
370 2049 433 2110 thot
461 2050 494 2130 {f
513 2051 658 2111 universal
679 2051 812 2131 saffiuge
831 2071 905 2110 were
931 2071 998 2110 once
1023 2050 1140 2129 gained,
1167 2038 1215 2110 the
1240 2051 1341 2111 houm

189 2144 289 2204 'would
308 2143 341 2204 be
360 2145 428 2206 tiled
447 2145 514 2205 with
533 2147 686 2226 paneades,
717 2147 764 2206 the
789 2154 889 2204 streels
905 2146 1001 2225 paaed
1020 2144 1088 2203 with
1111 2145 1189 2223 gold,
1217 2145 1277 2204 aad
1295 2145 1341 2205 tle

184 2237 280 2318 somls
300 2240 394 2299 would
403 2240 452 2321 μμ
472 2239 566 2311 about,
588 2242 676 2320 ready
690 2241 812 2311 rousted,
833 2240 944 2321 orylng,
967 2239 1078 2299 “Come
1094 2247 1139 2298 eat
1154 2239 1220 2298 mel'
1261 2241 1340 2300 Tan-

195 2347 261 2394 tum
274 2337 415 2415 ponderis
428 2337 516 2397 etiam
531 2337 612 2416 apud
626 2336 791 2395 Chartistas
803 2336 895 2395 habet
907 2335 1054 2415 particula
1066 2335 1221 2395 brevicula
1234 2336 1245 2393 ι’
1269 2341 1282 2395 !
1362 2321 1372 2330 ’

273 2449 297 2479 ”
316 2457 334 2484 “
345 2447 386 2506 «ια’
404 2449 478 2508 καλοὶ
494 2453 550 2508 τοῖν
569 2451 659 2508 καλῶν
677 2447 853 2528 Bernhardy
868 2449 1018 2508 Eratosth.
1031 2470 1061 2528 p.
1075 2457 1143 2509 231.
1156 2448 1338 2509 locutionem

195 2565 214 2602 a
235 2546 416 2605 comicorum
438 2567 572 2606 sermone
593 2546 801 2605 abhorrentem
822 2544 905 2616 dicit,
929 2544 982 2603 sed
1006 2545 1082 2604 bene
1105 2545 1276 2604 Meinekius
1299 2546 1339 2618 Q.

196 2660 238 2700 sc.
253 2640 297 2703 ΙΙ.
318 2662 348 2720 p.
363 2647 409 2701 33.
431 2640 517 2700 affert
539 2641 742 2720 fragmentum
765 2640 881 2698 Dioclis
900 2639 981 2718 apud
1009 2639 1152 2698 Photium
1176 2639 1201 2698 1.
1225 2661 1255 2719 p.
1272 2649 1337 2701 124.

196 2736 249 2796 ubi
268 2747 314 2797 est
332 2735 372 2794 τοὶ
393 2735 466 2795 eard
482 2737 539 2795 τᾶν
556 2738 672 2796 κακοῖν.”
714 2737 863 2795 Ruuxuu.
903 2735 1046 2794 Similiter
1068 2735 1255 2816 personarum
1272 2757 1339 2816 per-

194 2830 265 2889 rime
278 2831 355 2890 dixit
372 2827 495 2891 Naeviris
509 2831 591 2910 apud
608 2831 731 2890 Festum
745 2829 777 2887 in
791 2828 932 2898 Alconem,
950 2829 1073 2907 quicum
1092 2830 1221 2889 conferri
1241 2841 1339 2910 potest

188 2931 395 3010 Sophocleum
415 2933 491 2992 illud
511 2930 616 3014 ἔσχατ’
635 2929 770 3012 ἐσχάτων
790 2930 863 2988 κακά
883 2929 960 2989 Phil.
976 2929 1024 2991 65.

186 3115 190 3125 ,
274 3044 295 3074 ¹⁸
316 3044 467 3104 “Poteras
489 3045 667 3123 intelligere,
694 3063 759 3124 que
781 3063 836 3103 non
859 3040 1001 3101 habebunt
1024 3043 1099 3102 unde
1118 3052 1202 3103 enata
1225 3052 1335 3103 essent:

193 3137 249 3197 sed
267 3140 477 3216 percommode
496 3141 586 3200 etiam
607 3139 820 3217 Dalecampius
840 3138 940 3208 vertit,
968 3157 1108 3218 nusquam
1131 3139 1337 3210 maerentia?

195 3233 497 3293 Scuwumuuuaun.

273 3337 294 3367 ⁹⁴
315 3336 447 3416 Hesych.
461 3337 643 3420 Τριχαττάν.
660 3337 731 3417 (sic)
747 3336 786 3396 τά
801 3335 976 3414 βαμβιὶκινον
988 3336 1107 3415 ὕφασμα
1120 3336 1188 3421 ν’τέρ
1206 3340 1262 3396 τοῖν
1274 3364 1335 3418 τρι·

195 3433 256 3512 χόν
281 3435 331 3503 τῆς
358 3435 480 3511 κεφαλιῖι
506 3433 675 3506 άπτόμενον,
698 3432 716 3504 ἢ
739 3431 902 3506 πολάτιμον.
931 3433 983 3491 ubl
1006 3433 1108 3491 malim
1132 3439 1334 3508 πολυτίμητον.

196 3530 281 3589 Phot-
295 3540 326 3590 et
339 3530 624 3613 511111.Τριχαπτο’ντ
639 3531 878 3608 (antepaenacute
892 3528 1045 3607 811111.)τδ
1055 3529 1230 3606 βαμβάκινον
1242 3519 1334 3608 ὕφασ-

193 3648 243 3700 μα·
265 3624 376 3699 ἱμάτιον
395 3631 597 3701 πολυτίμητον.
621 3626 670 3685 De
690 3625 909 3685 constructione
929 3624 1000 3684 vide
1019 3645 1048 3685 n.
1072 3633 1116 3692 17.

272 3739 294 3769 ¹⁶
314 3739 387 3797 “xal
410 3737 450 3797 τά
474 3737 545 3820 ῥάδα
572 3734 745 3818 κεκαρμέναι.
772 3736 993 3815 Dalecampius,
1021 3735 1162 3814 decerptis
1188 3735 1262 3795 rotis
1287 3757 1334 3796 or·
1438 3778 1440 3784 ·

194 3833 298 3891 natoel’
331 3827 633 3892 Scuwuruuncus'su.
668 3831 861 3909 Dalecampio
884 3830 983 3890 fraudi
1007 3831 1067 3888 fuit
1085 3840 1248 3908 ,corruptus
1269 3832 1334 3892 He-

193 3928 290 4006 sychii
298 3928 390 3998 locus,
400 3927 587 4010 Κεκαρμένον.
602 3924 841 4010 περικεκομμένον.
859 3925 878 3997 ἢ
892 3922 1106 3999 κεκοσμημένον.
1145 3925 1222 3998 Quae
1236 3927 1334 4005 glossa

193 4042 231 4082 ex
251 4023 331 4083 binis
353 4024 488 4096 diversis,
510 4045 565 4102 per
587 4023 701 4083 librarii
725 4021 958 4091 somnolentiam,
983 4020 1111 4098 turpiter
1134 4020 1258 4082 conflata
1279 4036 1331 4086 est.

185 4118 314 4177 ¹Harum
331 4130 432 4179 autem
449 4120 571 4179 alteram
585 4119 715 4178 servavit
728 4116 864 4187 Photius,
878 4115 1034 4194 exscriptis
1047 4115 1146 4174 verbis
1160 4115 1332 4178 scholiastes
1400 4187 1402 4191 ,

185 4213 233 4284 „ad
247 4214 337 4273 Hom.
352 4215 410 4276 Od.
425 4216 462 4272 Δ.
478 4223 543 4282 725.
571 4211 765 4286 Κεκασμένονε
788 4210 998 4285 κεκοσμημένον.
1040 4211 1177 4270 “Nescio
1198 4234 1271 4291 quas
1288 4225 1330 4273 te-

194 4310 333 4369 merarias
356 4310 585 4379 emendationes,
613 4321 644 4369 et
667 4309 742 4369 male
766 4309 856 4367 fultas
877 4305 1134 4384 interpretationes
1154 4310 1330 4386 excogitant.
